3100 4850
439 343 522 418 llll.
542 339 600 417 ill.
637 337 1003 431 (MONOLOGIGUS.
1192 339 1268 416 719

257 511 307 578 Β
328 511 419 574 dictis
437 509 620 591 iuteib'gitur
635 528 711 592 quae
729 507 805 572 fides
820 507 958 572 mimia
979 508 1023 570 sit
1049 507 1269 587 omologorosa

170 599 256 682 genti
270 601 349 660 circa
364 597 522 678 eclipsium
533 597 683 658 diritatem
697 605 727 657 et
739 597 901 657 elfwinum
914 616 953 656 ex
969 595 1007 656 iis
1021 597 1268 672 consequentium

169 685 394 765 malignitatem.
435 691 507 744 suut
523 681 576 762 qui
587 681 736 744 maleficas
748 699 851 742 serum
864 681 944 741 vires
957 678 1123 760 provinciis
1136 689 1166 738 et
1179 681 1269 740 orbi-

169 771 227 834 bus
237 770 407 851 specialiter
421 766 616 844 adscribunt,
639 777 670 828 et
683 767 840 828 duodecim
855 765 973 826 zodiaci
986 764 1078 843 siguis
1088 764 1123 824 iu
1141 775 1270 843 quaeror

169 857 352 937 quadrantes
367 852 534 912 distributis
548 870 658 914 nocere
671 852 780 914 solunt
792 851 919 932 eclipses
932 851 970 910 iis
981 850 1145 930 praecipua
1161 849 1272 910 mundi

167 939 325 1023 partibus,
346 957 422 1016 quae
441 935 591 998 subieotse
605 947 675 1000 suut
694 937 780 1016 signo
793 937 879 998 euius
890 932 923 996 in
934 936 1059 1014 regione
1075 935 1194 1014 eclipsis
1206 934 1270 1013 fiat,

168 1034 202 1088 et
214 1023 374 1087 effectuum
395 1021 471 1082 vilia
483 1041 540 1102 pro
556 1023 674 1103 eclipsis
691 1022 899 1102 magnitudine
916 1021 957 1082 ad
969 1021 1073 1102 plores
1092 1039 1208 1082 meuses
1221 1029 1270 1080 at-

168 1129 230 1190 que
243 1108 333 1168 etism
346 1125 440 1166 annos
455 1107 632 1172 extendunt.

255 1193 334 1251 Sunt
348 1192 400 1272 qui
415 1192 448 1252 in
464 1193 624 1273 eclipsibus
642 1191 791 1254 rationem
805 1192 994 1273 planetarum
1008 1190 1199 1272 praecipuum
1211 1187 1272 1250 ba·

167 1275 235 1342 beri
250 1277 371 1353 volunt,
393 1285 424 1336 et
437 1276 474 1337 iis
489 1279 618 1339 maxime
631 1277 802 1337 bominibus
817 1277 913 1337 labem
933 1276 1096 1337 timendam
1109 1275 1271 1353 affirmant,

168 1381 298 1442 quorum
313 1359 347 1420 iu
362 1359 534 1443 horoscopo
553 1363 643 1423 iidem
664 1363 718 1443 qui
740 1361 899 1444 eclipsibus
913 1362 1107 1422 dominantur
1120 1361 1268 1442 phustas,
1284 1361 1309 1419 P
1327 1363 1378 1420 508

167 1445 344 1529 praesertim
364 1445 390 1506 ai
411 1447 594 1527 malignioris
610 1458 733 1508 naturae
747 1458 834 1525 sunt,
861 1457 898 1507 ut
913 1447 993 1508 biars
1007 1455 1040 1508 et
1052 1449 1217 1523 Saturnus,
1239 1456 1271 1506 et

169 1553 190 1594 a
206 1532 278 1593 love
294 1531 408 1591 Venere
433 1541 464 1592 et
482 1532 634 1594 Mercurio
653 1532 702 1593 vis
724 1550 827 1595 eorum
845 1529 980 1593 malefice
992 1553 1057 1592 non
1074 1532 1269 1610 refringatur.
1342 1562 1346 1569 ·

256 1619 334 1676 Sunt
348 1614 400 1695 qui
411 1633 469 1698 pro
484 1617 575 1679 variis
592 1617 729 1679 domibus
750 1619 944 1695 coelestibus,
972 1617 1128 1696 inquibus
1144 1615 1269 1696 eclipses

166 1699 263 1778 fiunt,
286 1701 474 1780 distinguunt
494 1703 639 1764 malorum
659 1703 743 1764 varis
756 1724 863 1784 genere
877 1713 907 1763 et
922 1723 1135 1784 personarum,
1158 1701 1267 1782 quibus

170 1805 206 1848 os
220 1786 297 1847 mals
309 1787 493 1868 impendent.
535 1788 566 1849 iu
579 1809 657 1849 noue
671 1789 760 1850 domo
774 1787 1020 1870 significationem
1041 1787 1221 1847 seditionum
1236 1791 1268 1845 et

168 1874 350 1932 mutationes
365 1871 544 1952 religionum
565 1873 630 1934 fieri
649 1883 801 1951 esserunt;
825 1875 858 1934 in
876 1874 981 1952 quinta
999 1891 1138 1952 agrorum
1154 1871 1268 1930 sterili-

168 1965 264 2035 tates,
287 1957 376 2017 fames
389 1967 418 2016 et
438 1968 535 2038 pestes
550 1959 708 2039 portendi,
731 1958 836 2019 aulicis
850 1959 990 2018 fortunae
1008 1956 1156 2032 ludibria,
1176 1973 1268 2036 pree-

169 2041 329 2123 guantibus
348 2041 466 2102 feminis
486 2053 591 2124 partus
612 2042 820 2104 infelicitatem
834 2042 970 2104 nuntiari
976 2063 985 2120 ς
1007 2041 1041 2102 iu
1056 2049 1161 2122 quarta
1176 2041 1267 2100 domo

169 2129 300 2186 Saturno
315 2135 344 2185 et
355 2127 450 2188 Marte
463 2149 532 2188 cum
546 2129 651 2210 eclipsi
666 2129 914 2190 convenientibus
929 2128 1083 2189 vastitates
1103 2127 1223 2186 urbium
1238 2131 1269 2185 et

171 2210 359 2271 dominorum
371 2213 566 2273 mutationem
580 2213 750 2293 significari.
794 2212 910 2275 ethaeo
922 2212 1052 2294 quidem,
1074 2211 1190 2291 aliaque
1206 2226 1271 2271 nou

170 2295 317 2374 meliors,
339 2305 423 2355 tauta
443 2297 622 2358 confidentia
643 2299 763 2378 quidam
783 2299 1000 2380 pronuntiant,
1022 2296 1109 2377 qussi
1125 2306 1207 2356 certo
1221 2297 1271 2356 su·

170 2389 240 2443 turs
256 2390 370 2459 esseut,
392 2390 423 2443 et
436 2388 498 2442 tam
513 2393 610 2445 certse
625 2401 728 2446 eorum
743 2398 849 2447 causas
863 2381 901 2444 iis
913 2384 1094 2459 creduntur,
1114 2389 1149 2441 ut
1164 2399 1270 2461 perso—

170 2486 225 2527 nas
243 2466 331 2526 etiam
353 2467 517 2546 singulares
538 2490 611 2529 seru
630 2468 816 2551 professione
834 2479 865 2530 et
884 2470 1028 2549 dignitate
1049 2466 1175 2546 aliisque
1196 2486 1273 2549 pro-

169 2552 245 2633 priis
263 2552 486 2613 conditionibus
510 2554 681 2635 designent,
709 2564 740 2615 et
763 2550 840 2637 ipsis
859 2552 1032 2617 nominibus
1055 2549 1225 2635 appellare,
1244 2547 1272 2611 si

169 2643 237 2695 tuto
250 2645 384 2717 possent,
405 2638 613 2718 profiteantur.
1009 2678 1014 2687 ι

255 2718 349 2781 XVll.
391 2720 426 2781 ln
439 2720 500 2784 hoc
512 2734 619 2803 genere
633 2720 844 2806 praefidentiae
860 2730 966 2806 peccat
980 2722 1013 2783 iu
1027 2719 1135 2805 primis
1146 2720 1272 2803 Cypria-

164 2821 229 2866 nus
240 2804 392 2865 Leovitius
411 2806 445 2866 in
466 2808 665 2891 descriptione
682 2819 712 2871 et
726 2804 847 2891 pictura
871 2810 1022 2891 eclipseou
1040 2828 1117 2889 quse
1134 2808 1171 2868 ab
1191 2824 1269 2866 anuo

164 2886 255 2955 1554
278 2891 433 2970 usquead
458 2895 541 2961 1605
568 2896 782 2974 contigerunt,
810 2895 866 2955 ubi
890 2914 991 2955 sarum
1021 2892 1270 2974 significationem

162 2974 261 3054 plane
279 2974 446 3036 secuudum
467 2979 583 3056 regulos
604 2980 781 3059 astrologiae
802 2978 973 3040 iudiciariae
990 2978 1142 3040 describit.
1186 2974 1271 3059 quod

168 3068 368 3139 etpraestaut
390 3070 460 3142 post
483 3063 684 3125 Ptolemaeum
707 3060 879 3142 Cardenus,
906 3061 1081 3142 Iunctinua,
1109 3063 1270 3141 Origenus,

170 3151 203 3201 et
220 3144 271 3201 elii
291 3142 513 3222 ephemeridem
536 3150 716 3227 scriptores,
742 3157 777 3208 ut
797 3150 871 3209 artis
889 3148 1062 3207 iudiciariae
1082 3148 1269 3226 professores

168 3226 307 3306 plerique
320 3246 431 3291 omues.
474 3239 578 3289 contra
592 3251 666 3309 quos
682 3226 760 3290 nibil
775 3252 829 3310 ego
843 3232 944 3291 modo.
985 3230 1116 3291 sufficiat
1130 3230 1214 3311 quod
1229 3231 1268 3291 de

169 3310 331 3392 eclipsibus
350 3308 403 3371 bic
420 3314 628 3393 prooemiari,
649 3335 698 3375 eas
716 3336 754 3375 ex
773 3316 939 3376 necessario
964 3324 995 3375 et
1014 3314 1104 3375 adeo
1125 3314 1269 3376 ordinato

171 3396 246 3457 solis
260 3404 290 3455 et
301 3395 390 3456 lonae
403 3416 531 3461 occursu
545 3401 596 3460 vel
609 3400 801 3481 oppositione
814 3400 967 3461 innocenti
979 3399 1117 3481 prodire5
1140 3420 1268 3480 quorum

170 3490 326 3541 auctorem
346 3492 488 3543 moueant
504 3484 526 3543 ii
546 3485 639 3565 impie
659 3486 712 3566 qui
731 3504 780 3545 eas
798 3492 847 3545 tot
867 3487 1015 3546 malorum
1036 3502 1140 3545 causas
1164 3482 1269 3547 baberi

171 3565 300 3642 volunt,
325 3576 355 3627 et
367 3585 399 3626 se
415 3566 497 3647 ipsos
509 3567 662 3651 impietate
679 3570 752 3631 artis
767 3569 887 3632 infamis
900 3582 930 3632 et
945 3570 1084 3631 humenis
1097 3570 1269 3653 divinisque

171 3650 288 3730 legibus
299 3650 477 3713 interdictae
487 3654 701 3717 contaminant.
1261 3691 1265 3699 ·

256 3736 358 3797 Liceat
368 3736 556 3820 infidelibus,
576 3748 627 3801 sot
648 3740 722 3821 quid
741 3742 782 3803 sit
796 3740 916 3824 eclipsis
931 3742 1147 3823 ignorantibus,
1167 3741 1269 3818 lunae,

171 3828 211 3881 ut
224 3831 333 3900 putant
340 3866 349 3897 ‚
376 3821 528 3884 laboribus
543 3824 694 3905 opitulari.
736 3826 828 3888 liceat
836 3828 1046 3889 tintinnabulis
1059 3837 1092 3889 et
1104 3827 1181 3887 aeris
1192 3847 1269 3887 sono

172 3924 262 3985 quam
279 3916 408 3987 possunt
424 3906 686 3971 vehementissimo
704 3921 819 3974 terrere
837 3910 1012 3989 draccum
1039 3912 1094 3993 qui
1114 3931 1184 3972 cum
1196 3911 1269 3971 luna

172 3990 375 4069 congreditur.
416 3992 507 4055 liceat
528 3996 714 4059 mulierculis
732 3997 812 4077 sagis
835 4006 867 4059 st
889 3998 1051 4071 maleficis,
1081 4016 1159 4077 quoe
1180 3996 1271 4057 lunae

173 4092 289 4136 umores
310 4075 446 4138 ambiunt
467 4090 521 4142 aut
534 4080 671 4143 venduut
693 4083 830 4154 favores,
850 4102 917 4145 osus
939 4104 958 4143 e
971 4080 1105 4144 tenebris
1114 4099 1271 4160 emergen·
1327 4092 1331 4099 '

173 4166 237 4221 ism
254 4161 311 4223 vel
317 4162 448 4225 salutaro
458 4164 631 4227 redeantms
643 4168 693 4229 rel
708 4168 896 4249 proclamare
914 4169 1082 4230 victricem.
1125 4165 1271 4227 christii-
1287 4218 1293 4241 ,

173 4244 222 4306 uis
235 4254 267 4307 st
278 4244 367 4308 deum
379 4248 556 4311 timentibus
569 4260 599 4312 et
617 4252 742 4315 eruditis
756 4254 841 4313 nefas
856 4273 997 4329 accusare
1015 4252 1107 4313 deum
1124 4250 1159 4311 in
1173 4250 1271 4333 operit

173 4329 230 4393 bus
244 4340 304 4393 tam
317 4334 478 4414 prasclsris
491 4344 521 4399 et
536 4336 676 4401 beneficis
690 4338 763 4402 solis
775 4347 806 4404 ot
817 4338 925 4421 leuse,
947 4337 1147 4403 sublimando
1159 4346 1270 4401 unus

146 4429 156 4462 l
