3100 4850
432 322 511 392 utu.
532 319 589 394 lll.
626 319 995 408 ctutouotouthS.
1189 325 1266 398 717

165 515 252 573 cere,
272 489 334 638 sipili¹
346 488 467 642 suislqp
478 429 642 570 pieuiciem
656 486 784 564 creent,
800 495 838 550 ut
848 485 1029 555 Plutsecbus
1039 497 1143 552 umet
1153 489 1187 550 in
1199 490 1267 557 eice

164 581 229 646 vite
243 587 273 642 et
338 596 385 638 uc.
416 617 424 636 .
460 616 469 637 .

219 727 221 735 ,
246 661 381 734 felicius
400 656 577 738 Agethoclee
607 666 639 729 et
664 655 805 734 ectitius,
837 656 912 731 dum
932 657 1058 721 cleeseue
1070 656 1105 718 in
1129 656 1265 725 Africetu

163 750 317 812 treiiceret
330 755 360 808 et
380 743 531 806 horrende
552 741 626 802 solis
641 741 769 805 defectio
785 743 1001 821 intercederet,
1031 743 1094 804 suis
1102 753 1191 820 ⁸uictu
1206 745 1267 806 de.¹

157 835 268 912 iectis,
289 833 333 894 nil
344 829 507 892 timendum
522 827 689 910 eprodigio
704 828 857 909 professus
872 828 967 890 estiis
984 829 1038 910 qui
1053 828 1113 888 iem
1128 829 1162 888 in
1173 848 1267 890 cursu

161 929 276 982 eeeent:
303 916 338 978 si¹
353 915 519 996 deliquium
540 922 697 994 sntequem
716 924 809 995 portu
825 914 987 975 solvissent
1006 913 1197 992 contigisset,
1223 916 1267 976 ti-

160 1005 306 1068 mendum
319 1002 399 1066 forte
411 997 508 1060 videri
516 1043 528 1078 ,
548 998 754 1078 redeuntibus
770 1008 803 1061 et
815 1009 968 1080 praeterea
984 1001 1086 1060 minus
1101 1000 1265 1060 sortunetis

160 1089 275 1154 Siculis
295 1085 375 1150 nihil
394 1084 513 1148 edversi
533 1084 742 1158 metuendum
770 1085 808 1160 iis
830 1094 929 1147 eutem
947 1081 986 1144 ed
1008 1106 1084 1166 quos
1097 1084 1214 1162 ibatur,
1234 1093 1266 1146 et

155 1173 339 1237 florentibus
352 1169 643 1250 Cherteginiensibue
658 1171 799 1232 fortunae
812 1169 1026 1250 mutationem,
1047 1170 1076 1232 ei
1086 1189 1146 1250 qus
1159 1189 1199 1232 ex
1209 1179 1266 1242 tea,

158 1259 244 1322 libes
258 1258 350 1338 siguis
362 1255 611 1340 portendebatur,
633 1275 698 1316 esse
713 1254 993 1336 pertimescendum·
1264 1271 1268 1280 ’

246 1344 313 1406 Non
329 1352 440 1404 nocent
455 1341 599 1420 eclipses,
620 1340 679 1405 uici
698 1341 783 1420 quod
800 1352 931 1402 noceent
950 1339 1140 1420 opinantibus
1150 1361 1159 1417 3
1181 1337 1262 1400 nihil

159 1447 201 1490 ex
214 1447 246 1489 se
261 1427 334 1490 rituli
347 1426 482 1490 fundunt
492 1425 539 1486 sol
553 1436 584 1486 et
597 1426 671 1486 lune
687 1425 780 1506 magis
793 1423 828 1484 in
838 1426 1080 1506 oppositionibus
1093 1434 1122 1486 et
1135 1425 1260 1505 synodis

35 1533 36 1568 l
158 1533 250 1594 quem
271 1523 356 1574 extre
375 1513 454 1578 illes.
498 1511 620 1572 condite
640 1520 711 1575 suut
730 1510 806 1572 hsec
829 1511 929 1571 sidere
949 1533 968 1571 e
986 1512 1066 1572 bono
1090 1510 1213 1570 domino
1228 1517 1260 1570 et

35 1599 37 1654 ὲ
157 1608 285 1682 parente
299 1599 430 1660 universi
450 1597 696 1673 clementissimo,
717 1596 924 1676 gubernentur
934 1616 1026 1657 menu
1045 1595 1260 1675 sapientissime

35 1711 37 1742 ι
157 1685 201 1746 ed
214 1683 345 1746 filiorum
362 1682 518 1746 commode
532 1692 563 1743 et
574 1682 709 1743 salntem.
736 1681 921 1742 defectiones
930 1681 1053 1764 quendo
1067 1682 1257 1759 contingunt,

35 1773 36 1780 ’
156 1771 312 1832 netursles
326 1779 398 1832 sunt
412 1780 442 1830 et
453 1769 603 1830 innoxise.
632 1788 699 1830 uon
713 1776 813 1848 pestes
824 1777 985 1846 generent,
1003 1788 1064 1830 non
1074 1766 1155 1826 belle
1166 1766 1258 1846 cient,

35 1907 36 1914 ,
154 1874 221 1918 uon
244 1865 356 1916 mortes
379 1855 551 1935 principum
574 1853 771 1932 ennuntient,
798 1872 862 1914 non
880 1862 1052 1934 temporum
1073 1851 1257 1911 celemitetes

35 1969 37 2000 z
155 1948 211 2003 eut
223 1959 382 2020 regnorum
400 1938 613 2000 movereiones
626 1937 788 2006 minentur.
1072 2005 1075 2012 ¹

244 2027 290 2088 Ab
305 2026 372 2110 ipso
392 2025 498 2086 mundi
515 2024 640 2084 exordio
660 2023 804 2104 eclipses,
829 2021 967 2083 utmodo
980 2019 1074 2098 fiunt,
1096 2018 1258 2098 esdemque
1288 2080 1291 2087 ,

156 2109 224 2188 lege
241 2119 270 2172 et
282 2111 388 2171 ordine
405 2119 435 2172 et
449 2129 575 2172 numero
588 2109 716 2186 fiebunt5
738 2117 768 2168 et
784 2107 951 2188 siKeplero
964 2107 1111 2182 creditur,
1132 2105 1178 2166 sol
1191 2104 1260 2185 ipse

156 2193 228 2256 ioue
240 2194 319 2256 lucis
331 2205 363 2254 et
375 2195 524 2258 bouem
539 2195 689 2270 omnium,
715 2193 823 2254 muudi
842 2193 950 2254 oculus
962 2192 1127 2267 beneficus,
1149 2188 1259 2250 condi·

156 2287 209 2341 tus
224 2278 313 2344 setin
325 2280 432 2361 eclipsi
442 2279 575 2343 subiecte
594 2280 667 2340 lune
681 2279 714 2339 iu
726 2279 827 2368 prirnp
839 2279 935 2357 gredu
950 2277 1074 2354 Cereri,
1095 2275 1129 2338 in
1143 2275 1258 2336 aestivo

155 2364 290 2426 solstitio
320 2366 425 2427 multis
453 2365 573 2429 sulces
596 2363 770 2445 regionibus
795 2363 868 2427 solis
893 2373 1047 2445 sepectum
1067 2360 1260 2442 impediente.

153 2448 226 2529 quis
242 2450 286 2511 ite
299 2452 432 2513 mutiens
454 2451 559 2512 credet
581 2452 705 2533 eclipses
719 2451 843 2527 noxius,
865 2460 897 2509 et
909 2450 1001 2511 solem
1013 2449 1112 2529 ipsum
1126 2446 1161 2507 iu
1173 2454 1258 2505 tsnts
1312 2443 1322 2451 ‘

153 2535 205 2597 sui
218 2544 250 2596 et
261 2536 369 2599 mundi
381 2536 561 2606 infelicitete
578 2536 616 2597 eb
633 2536 749 2618 optimo
762 2545 886 2616 pereute
896 2535 953 2595 deo
967 2531 1124 2595 creetum‘l

240 2620 313 2683 XV.
355 2622 443 2683 Ceres
455 2630 524 2683 ente
541 2620 621 2683 belle
635 2631 666 2684 et
680 2630 779 2702 pestes
791 2620 904 2681 fiebsnt
923 2618 1068 2699 eclipses,
1090 2625 1160 2677 ente
1173 2635 1258 2695 reges

151 2712 262 2782 ustos,
283 2714 353 2767 ente
371 2707 596 2787 provinciarum
610 2717 647 2769 et
662 2725 823 2785 regnorum
837 2704 1014 2778 divisionem
1029 2702 1063 2763 in
1075 2702 1130 2763 ills
1140 2701 1258 2763 sntedi·

35 2780 36 2813 ¹
150 2790 347 2853 luvienorum
367 2792 568 2870 lougsevitete
589 2801 712 2872 peccet
733 2790 861 2853 senitste
883 2800 946 2851 tem
965 2790 1108 2851 diuturne
1129 2788 1256 2868 eclipses

147 2873 283 2953 fist-ot,
305 2884 336 2935 et
356 2884 432 2937 tune
454 2887 540 2941 erent
559 2877 745 2939 innocentes.
787 2876 870 2937 uude
889 2884 920 2936 et
932 2874 1054 2955 queudo
1066 2873 1177 2933 norim
1191 2890 1256 2933 esee

146 2959 341 3042 coeperunt?
368 2960 449 3027 unde
464 2961 611 3043 malignos
627 2960 780 3041 influxus,
799 2975 875 3043 quos
888 2970 994 3043 postes
1007 2969 1069 3021 tem
1080 2958 1256 3041 trequentes

146 3046 315 3120 efflarunt,
333 3045 496 3127 roceperei

232 3130 339 3195 Priene
355 3131 505 3205 omnium,
529 3150 607 3210 quse
625 3132 659 3191 in
668 3132 785 3205 ‚Greece
797 3130 924 3191 historie
939 3128 1120 3189 describitur
1130 3124 1253 3208 eclipsis

145 3216 239 3293 solis,
265 3222 387 3275 uerrste
401 3214 439 3273 eb
451 3212 597 3275 Herodot.
608 3214 632 3275 l.
644 3219 673 3289 1,
694 3214 798 3275 Medos
818 3224 849 3273 et
867 3213 968 3292 Lydos
980 3220 1148 3291 pugnentes
1159 3212 1253 3273 inve-

143 3301 193 3365 nit
204 3309 236 3363 et
257 3297 442 3367 conciliavit.
474 3296 645 3359 Alexendro
657 3296 839 3359 faustissime
851 3297 909 3367 suit
922 3296 1043 3377 eclipsis
1053 3298 1154 3372 lunse,
1174 3313 1252 3375 quse

141 3396 218 3447 ente
235 3390 424 3467 postremum
443 3382 509 3443 eius
531 3382 571 3445 de
591 3382 682 3443 Decio
696 3382 855 3446 victorium
868 3381 1003 3460 contigit.
1043 3381 1161 3461 proluit
1174 3382 1251 3441 Ces·

145 3470 208 3533 sesi
229 3468 306 3531 solis
328 3463 381 3529 ille
401 3486 478 3545 quee
495 3466 528 3527 in
550 3468 680 3535 uerisitu
696 3467 878 3543 Rubiconis,
904 3466 967 3526 eles
988 3466 1027 3526 de
1039 3465 1166 3547 imperio
1177 3465 1252 3547 reti·

35 3590 36 3603 κ
148 3555 250 3617 nendo
278 3552 372 3631 iecte,
400 3552 479 3613 lecte
502 3561 566 3631 est,
594 3553 632 3614 de
655 3572 715 3633 que
731 3551 790 3613 Dio
808 3552 833 3615 t.
853 3550 885 3617 4.
912 3551 1029 3633 profuit
1049 3561 1080 3611 et
1098 3551 1153 3613 ille
1173 3571 1251 3631 ques
1265 3546 1289 3605 P
1304 3548 1357 3608 5⁰7

147 3638 353 3704 Phereclicsm
365 3658 493 3719 pugnem
508 3638 681 3719 prsecmsiu
705 3657 783 3719 quse
794 3638 822 3700 si
834 3637 976 3718 Pompeio
993 3638 1113 3699 funeste
1127 3636 1249 3716 dicitur,
1304 3669 1306 3674 ·

35 3760 37 3855 l
151 3744 210 3791 ω
223 3720 911 3891 Βῆἓηᾛοέᾶῗοὶᾙῖιξῒᾙοῧὲζᾶῖυᾜ
918 3850 929 3881 ,
955 3828 1033 3889 quse
1053 3808 1251 3888 quadregiute

35 3906 37 3943 t
150 3903 223 3977 post
246 3896 309 3955 eius
328 3904 457 3955 mortem
477 3895 581 3956 diebos
600 3894 666 3957 vise
690 3904 754 3972 est,
784 3893 877 3966 imme
889 3894 952 3955 eius
965 3893 1123 3959 ocessione
1134 3895 1250 3957 Drusus

148 3978 329 4044 rebellsutee
343 3977 378 4041 iu
391 3980 546 4043 Peuuonie
559 3982 708 4043 liomenes
721 3980 860 4060 legiones.
866 3979 906 4041 ed
922 3980 1014 4043 iidem
1032 3989 1062 4041 et
1074 3979 1251 4059 obsequium

60 4097 65 4109 ι
147 4063 315 4129 rewmvit.
358 4073 390 4125 et
402 4064 431 4127 si
444 4066 515 4147 quis
532 4066 690 4130 sdvertere
708 4066 803 4143 velit,
830 4066 934 4147 plnres
952 4068 1032 4126 torte
1044 4084 1114 4125 eum
1129 4066 1243 4124 eventi-

35 4162 36 4171 *
147 4144 486 4231 ememusque
502 4172 574 4215 cum
586 4151 714 4213 sinistris
729 4150 856 4232 eclipses
871 4150 1048 4223 coniunctus
1064 4149 1244 4217 seposuit

232 4232 269 4295 Iu
282 4234 373 4301 istie
385 4236 506 4302 Romuli
526 4237 679 4321 prosperis
688 4245 730 4306 ‚et
754 4236 840 4299 urbis
860 4236 1005 4306 felicitate
1029 4235 1145 4316 poeitae
1169 4243 1244 4295 suut

147 4317 271 4403 eclipses
290 4322 367 4385 duse
383 4323 515 4407 soleres,
544 4323 577 4385 iu
596 4332 747 4406 conceptu
769 4322 853 4400 illiue
872 4342 949 4403 une,
977 4319 1115 4396 iubuius
1131 4317 1242 4397 eunte
