3100 4850
277 286 353 360 τεο
593 282 771 352 cronon
805 280 1069 351 nscnmmurs
1114 235 1133 247 ”
1190 274 1194 281 ·

279 461 412 531 στιανῦν
436 454 610 539 νομοθίτοο
633 462 796 546 Χριστοῦ,
832 454 869 522 οῦ
893 444 1036 534 Σόλιόνος
1060 456 1097 523 οὗ
1119 456 1154 523 dd
1173 443 1381 543 onoripyov,

243 582 267 635 o
283 562 357 633 ἀλλ’
372 558 467 641 Ιαότοῦ
480 566 537 625 τοῦ
552 556 693 628 πλάστου
708 563 759 627 καί
774 566 902 645 ποιητοῦ
919 561 969 625 καί
984 566 1081 641 θεοῦ,
1110 561 1143 626 iu
1158 566 1222 627 τῶν
1241 558 1376 647 προσόν-

279 691 343 736 των
367 665 480 731 διδόναι
502 664 552 728 καὶ
576 659 813 748 ἀντιλαμβάνειν
832 663 872 728 τὰ
889 666 991 746 μείζω.
1044 664 1116 751 ὃδὴ
1131 665 1182 729 καί
1199 664 1376 731 πιστευτέον

280 766 439 853 ἐπάναγκες
445 815 456 847 ,
485 769 512 831 εδ
534 764 671 834 πιστεύοι
690 792 738 843 τις
758 772 803 856 τῷ
814 770 944 855 Χριστῷ
959 766 1003 851 μὴ
1021 763 1117 849 μόνον
1132 764 1246 834 καθότι
1260 772 1375 849 βαπτί-

281 880 364 958 ζοιτο
371 920 382 954 ,
411 868 482 936 tiit
497 868 611 938 καθότι
628 872 680 936 καί
693 869 845 954 δληθινδν
862 872 975 935 ἐκεῖνον
991 870 1054 954 δ’χοι
1069 870 1121 959 ἐφ’
1139 868 1186 948 οἷς
1197 872 1399 956 {amynta-⁵

281 1004 345 1046 τοι.
396 973 603 1058 δανεισθέντα
627 975 663 1039 δὲ
682 976 734 1040 καί
754 968 962 1039 πιστεύσαντα
975 973 1019 1059 μὴ
1032 983 1098 1051 τοῖς
1111 970 1211 1061 λόγοις
1227 971 1378 1040 πιστεύειν

283 1081 418 1161 ἐκείνου,
443 1078 513 1160 μηδὲ
528 1076 563 1142 τδ
577 1074 708 1165 πριότιος
721 1074 872 1142 πιστεύειν
893 1076 990 1160 ἔχειν,
1017 1075 1075 1142 κόν
1096 1074 1112 1143 δ
1134 1104 1164 1142 τι
1183 1078 1272 1163 λόχοι.
1326 1078 1377 1143 ani
1412 1156 1416 1169 Ι

285 1183 302 1251 ό
319 1184 376 1266 μὲν
389 1177 629 1269 Χρστοῦινόμος
643 1171 735 1257 οὗτος
748 1178 992 1264 ἀνταμείβεσθαι
1004 1179 1085 1246 κατὰ
1097 1179 1132 1247 τό
1147 1178 1379 1247 ἑκατονταπλύ-

246 1296 356 1357 Doroa
379 1276 596 1369 ἓπαχίλλεται·
620 1286 715 1371 χωρὶς
738 1284 772 1349 δδ
793 1285 843 1348 καί
867 1288 923 1349 τοῦ
946 1286 1126 1370 προσδοκᾶν
1138 1292 1240 1351 ταῦτα
1255 1280 1376 1370 ῦπόχρη

269 1423 273 1430 ’
289 1392 340 1459 καί
353 1383 434 1472 μόνη
447 1385 454 1448 ι
467 1385 688 1469 παραμένουσα
705 1382 782 1465 δόξα
790 1436 801 1467 ,
826 1385 872 1451 i'u'
887 1386 965 1453 ei'rror
979 1410 1026 1464 τις
1039 1388 1090 1452 καί
1104 1387 1175 1453 κατ’
1193 1386 1374 1475 ἄνθρωπον,
1386 1394 1419 1449 to

291 1494 409 1560 πείθειν
425 1513 465 1554 ro
477 1488 605 1556 σονετδν
620 1490 678 1574 οῦχ
692 1488 776 1567 ὅπως
788 1496 1005 1565 πλεονεκτικῶς
1014 1491 1271 1575 χρηματίζεσθαι,
1296 1489 1378 1556 ἀλλὰ

290 1599 343 1663 soi
357 1595 398 1661 τοὶ
414 1588 556 1669 πρσόντα
568 1604 634 1670 τοῖς
650 1599 777 1677 τυχοῦσι
789 1598 964 1678 προίεσθαι.
1017 1594 1127 1679 ίξαίρω
1148 1593 1185 1658 δέ
1203 1618 1238 1677 χε
1250 1599 1307 1658 τοῦ
1322 1589 1378 1659 λό-

270 1725 348 1787 ,χοο
367 1693 502 1773 τοδςδπ’
518 1696 709 1781 >οἰνιιχιιαίοιις
727 1692 894 1774 δοκούσαις
909 1697 1025 1783 χρείαις
1038 1696 1108 1763 τινὰ
1122 1700 1184 1761 τῶν
1200 1692 1297 1762 ῦντιον
1312 1720 1377 1759 πα-

292 1800 519 1891 ρακατίχοτας,
543 1803 571 1864 εἰ
591 1795 636 1883 μή
658 1824 690 1886 γε
716 1802 767 1865 καί
787 1792 882 1876 αῦθις
904 1799 999 1883 ἔχοιεν
1019 1800 1243 1887 ἐκπορίζεσθαι.
1295 1796 1376 1863 ἀλλὰ

292 1912 394 1974 ταῦτα
414 1929 452 1986 με
466 1898 483 1969 ό
497 1899 648 1988 δεσπότης
665 1899 811 1988 Ἰωόννης
826 1905 877 1967 καί
894 1906 963 1969 λίαν
982 1900 1057 1989 δ’χνιο
1066 1952 1077 1984 ,
1104 1903 1155 1967 καί
1172 1902 1264 1988 γνοδς
1282 1896 1322 1967 τό
1346 1900 1377 1967 οἶ
1385 1908 1421 1964 15

255 2024 282 2079 n
299 2010 465 2077 σονοίσονοι
486 2003 646 2091 ἔπραττεν.
685 2005 758 2071 insi
774 2008 809 2071 δὲ
822 2006 851 2071 οἳ
867 2004 947 2093 ἀμφί
966 2005 1021 2073 τόν
1036 2004 1172 2089 μοναχὸν
1185 2008 1313 2085 Νεῖλον,
1341 2003 1379 2081 ῦς

297 2114 332 2179 δτι
353 2113 473 2185 Σικελις
492 2110 550 2192 μὲν
574 2107 718 2194 ὥρμητο,
745 2109 795 2174 ἐπὶ
819 2116 903 2199 κακῷ
916 2110 951 2174 δὲ
965 2116 1022 2195 τῆς
1036 2114 1098 2177 τῶν
1112 2107 1272 2191 Ῥωμαίων
1288 2114 1377 2173 πολι-

293 2217 377 2292 τείας
398 2214 489 2295 tuem
497 2260 510 2295 ,
537 2208 692 2279 διδάσκων
706 2208 943 2301 γλισχρεύεσθοι
958 2215 1010 2278 καί
1023 2216 1196 2302 προμηθεῖς
1211 2208 1288 2278 εἶναι
1303 2209 1377 2285 τούς

294 2483 376 2540 studii
390 2482 493 2536 nmen
510 2479 663 2548 disserebat,
679 2485 763 2551 legem
781 2499 838 2537 esee
855 2499 905 2538 non
922 2480 1023 2537 Solonis
1040 2487 1086 2536 ant
1105 2479 1218 2551 Lycurgi
1234 2479 1280 2534 sed
1297 2477 1379 2548 legie-

293 2553 386 2608 iatoris
411 2550 590 2604 Ciatianorum
614 2550 728 2616 Christi,
753 2553 879 2607 creatoris
905 2552 1017 2606 eiusdem
1033 2551 1274 2632 conservatorisqne
1290 2563 1375 2600 rerum

296 2621 407 2676 omnium
434 2618 464 2677 δ,
485 2635 554 2688 quae
578 2637 625 2672 nos
649 2619 740 2674 iubeat
755 2621 824 2706 quod
841 2638 975 2691 possumne
992 2639 1025 2674 ex
1041 2622 1170 2691 praesenti
1186 2635 1259 2686 copia
1276 2617 1376 2686 largiri,

296 2708 344 2763 spe
363 2688 573 2758 oemuenpiendi
594 2689 698 2743 maiora.
732 2691 793 2742 burc
818 2691 978 2760 promissioni
1000 2689 1145 2743 necessario
1165 2687 1317 2742 credendum
1341 2687 1375 2738 ab

299 2779 331 2814 eo
347 2760 470 2830 utiquam
486 2757 530 2828 qni
548 2757 624 2810 fidem
641 2759 669 2811 in
686 2759 818 2811 curiorum
836 2760 987 2829 profitetur,
1013 2776 1062 2812 non
1079 2759 1161 2812 solum
1184 2765 1309 2828 quatenus
1325 2755 1376 2806 ba·

319 2829 421 2882 tismnm
437 2827 543 2896 coepit,
567 2826 614 2879 sed
632 2836 759 2896 qnatenus
777 2829 855 2882 etiam
871 2829 955 2898 priam
973 2829 1111 2898 acquiescit
1127 2827 1269 2880 assentiens
1285 2839 1377 2877 ermae

299 2846 519 2951 doctrineaasaim
537 2896 564 2947 in
581 2895 691 2949 ecclesis
709 2895 866 2965 propositae.
900 2913 978 2968 porro
995 2898 1152 2967 baptizatum
1170 2894 1329 2968 quempiam,
1348 2899 1378 2945 et

300 2967 421 3021 ”sentiri
455 2964 660 3018 irrevocabiiiter
678 2966 835 3018 Christianis
852 2967 1013 3036 dogmatibus
1031 2969 1188 3048 professum,
1214 2963 1311 3016 Christi
1328 2961 1377 3014 ‹ie-

300 3036 362 3091 inde
379 3036 439 3088 verb
453 3035 566 3086 fructum
583 3034 687 3086 uberem
713 3035 889 3103 eleemosynae
912 3035 1091 3106 pollicentibus
1107 3052 1157 3088 non
1173 3033 1279 3086 credere
1293 3047 1378 3098 argn-

301 3113 388 3160 mento
404 3103 516 3175 esipsnur
532 3119 617 3172 neque
634 3109 710 3156 autea
727 3119 790 3156 vere
807 3105 960 3170 credidisse,
978 3110 1206 3175 quantumcumque
1221 3117 1251 3154 se
1268 3100 1377 3152 medere

299 3172 473 3231 simulaveriet
492 3171 669 3225 affirmaverit.
702 3189 751 3225 nec
767 3174 881 3242 volgaris
897 3174 1068 3228 remuneratio
1090 3179 1131 3226 est
1146 3187 1220 3242 quarn
1237 3169 1279 3222 lex
1298 3169 1378 3222 Cbri-

299 3243 335 3300 sti
351 3243 443 3312 iargitt
458 3240 616 3294 misericordi
634 3240 771 3310 promittit,
799 3243 844 3297 sed
861 3259 928 3314 qnae
945 3248 1045 3296 centnm
1062 3259 1109 3313 pro
1128 3257 1177 3294 uno
1193 3240 1300 3294 referat.
1334 3252 1377 3292 me

299 3324 376 3376 vero,
400 3316 428 3364 et
437 3310 549 3375 nemeis,
566 3317 596 3362 ut
612 3310 740 3375 arbitror,
753 3311 907 3432 prudentem
925 3312 1064 3375 bominem,
1080 3309 1160 3364 etiam
1176 3310 1285 3363 hnmano
1301 3305 1377 3360 dum-

298 3387 375 3434 taxat
390 3394 554 3448 manuque
571 3379 605 3430 de
621 3380 698 3432 rebus
723 3379 752 3432 in
771 3381 897 3446 icantcm,
921 3380 963 3435 vel
979 3381 1001 3433 si
1018 3381 1082 3434 nibil
1097 3379 1150 3432 taio
1165 3377 1310 3432 iuberemus
1327 3393 1378 3428 ex-

296 3454 417 3517 pectare,
431 3457 523 3505 ureret
539 3446 640 3502 abunde
656 3448 689 3501 ad
706 3448 914 3504 benefaciendum
937 3449 1073 3519 egentibus
1089 3449 1145 3520 ipse
1161 3447 1282 3518 apiendor
1299 3443 1377 3499 aiflo-

296 3517 424 3569 resoentis
439 3521 477 3574 'ste
490 3517 608 3585 gloriae,
629 3517 657 3570 in
674 3535 766 3570 aerum
784 3537 857 3572 omne
874 3535 1073 3590 permansurae,
1096 3517 1168 3571 cuius
1185 3533 1232 3586 spe
1248 3515 1376 3569 invitante

294 3595 347 3662 non
368 3584 549 3646 modoerertor
566 3587 599 3638 ab
617 3603 696 3639 avare
713 3588 880 3657 congerendis
904 3587 1041 3658 superfluis
1058 3588 1166 3659 opibus,
1190 3601 1277 3638 rernm
1295 3585 1375 3636 etiam

292 3647 370 3702 “⁰¹¹⁶
393 3651 477 3713 5¹¹er
501 3655 534 3708 ad
559 3655 758 3709 subtrahendum
783 3658 874 3714 usibus
900 3658 977 3710 etiarn
994 3657 1059 3727 ipsis
1076 3656 1139 3710 meis
1156 3655 1266 3726 quaein
1284 3653 1375 3706 obvios

291 3731 419 3786 timi>em
436 3724 563 3790 tundam,
589 3741 638 3777 non
655 3733 741 3778 tamen
757 3735 804 3780 aut
820 3728 847 3780 in
864 3725 920 3779 aliis
940 3727 1063 3780 damnans
1081 3734 1127 3779 ant
1143 3723 1204 3777 mibi
1221 3729 1312 3776 vetem
1330 3737 1376 3773 re-

289 3797 398 3866 !”Vm
419 3805 468 3858 que
490 3797 633 3863 opportune
659 3793 814 3848 videbuntur
836 3795 878 3850 vel
899 3795 950 3847 iam
973 3795 1124 3864 urgentibus
1140 3793 1183 3847 vei
1199 3793 1226 3846 in
1242 3799 1375 3862 posternae

288 3855 474 3936 Wptssdentibe
497 3862 696 3917 necessitatibus
721 3866 806 3932 vitae,
850 3865 982 3918 raesertim
1000 3865 1044 3918 nbi
1063 3864 1163 3918 occasio
1181 3877 1304 3932 praesens
1321 3861 1376 3914 ler-

287 3922 376 3992 Μίὶ
398 3932 584 3987 οοοοοοοπίδε
613 3931 680 3984 teies
702 3932 811 4003 despota
831 3881 941 3987 ioannes
966 3940 994 3988 et
1016 3935 1069 3988 alte
1092 3934 1231 4004 impressos
1247 3931 1377 4000 pleneque

287 4005 424 4064 permanes
440 4000 547 4054 vrsabat
564 4000 646 4054 ammo
662 4015 768 4066 emens,
792 4001 868 4056 otiis
884 4011 1053 4057 consentanee
1075 4017 1186 4073 operans
1203 3997 1236 4054 ad
1255 3998 1376 4070 proposi·

285 4070 353 4116 turn¹
367 4064 417 4137 ipsi
441 4067 504 4124 stem
525 4068 622 4136 glor-iae
645 4071 775 4124 tendebat
808 4071 878 4124 istud
902 4079 987 4126 tamen
1010 4073 1065 4125 eius
1085 4073 1215 4125 incensum
1237 4068 1310 4138 large
1326 4069 1377 4119 do-

284 4131 362 4186 nandi
379 4137 478 4194 stodiu
493 4137 621 4210 panicium
635 4139 826 4208 refrigerarent
841 4147 983 4196 sectatores
996 4141 1052 4195 Nili
1087 4135 1280 4194 rendomonacbi
1298 4134 1375 4188 esi-

285 4200 345 4254 citia
361 4203 412 4259 hnc
427 4223 507 4280 mgna
524 4205 736 4261 meio¹iiomenee
753 4209 907 4276 reipublicae
923 4211 1047 4284 proiecti,
1065 4157 1186 4263 docentes
1202 4201 1374 4280 parsimoniae
1429 4231 1436 4244 ι

283 4269 430 4344 Mae,
452 4275 632 4347 moderatosque
654 4277 796 4332 bominibus
816 4295 907 4350 magna
931 4279 1158 4352 orcanepeencee
1174 4277 1201 4332 in
1219 4275 1301 4330 dudo
1322 4271 1373 4336 oti.
