3100 4850
333 323 409 398 542
638 324 874 399 GESERVAT.
898 324 1137 400 memmi.

416 485 881 574 ’Areeormpeernae
921 489 1400 576 agittsvieisiebynhsehiopo·
1477 470 1478 517 l

332 579 432 662 pulis,
454 588 507 638 aut
532 577 634 658 potius
655 578 834 640 suburbanis
852 579 987 642 metiris.
1027 579 1209 640 Albanorum
1225 581 1360 658 regionem
1374 580 1399 639 ir

333 663 508 728 Macedonia
528 663 713 724 Ptolomeus
735 663 879 744 agnoscit.
921 684 1013 746 porro
1036 666 1159 744 antiqua
1177 665 1337 726 bisoedonia
1356 685 1400 745 po-

201 804 204 810 .
333 749 452 812 amomis
466 748 549 810 bisce
559 748 719 810 orientalis
731 748 850 831 imperii
861 739 1042 830 senescentis
1057 751 1239 831 temporibus
1253 751 1285 809 ia
1296 760 1400 828 quatuor

333 836 431 898 divisa
457 845 556 916 partes
583 836 718 915 priscum
744 854 856 896 nomen
872 834 906 895 in
927 837 994 899 sola
1017 836 1230 896 mediterranea
1254 835 1400 897 retinomt.

332 942 405 1002 pars
425 939 499 981 vero
523 920 587 980 eius
610 919 750 981 confinia,
763 921 927 980 Dalmatiae
948 932 980 982 et
996 921 1120 1000 illyrico
1140 920 1399 994 elboniaisotouc,

331 1008 379 1068 uti
393 1005 538 1082 ethodie,
559 1005 781 1085 appellabatur;
804 1006 857 1066 nbi
868 1015 934 1066 erat
945 1005 1193 1086 Dyrrbaobieneis
1205 1006 1318 1080 civitas,
1335 1005 1400 1064 caina

334 1111 421 1152 osam
437 1101 535 1152 terrae
550 1100 636 1152 motu
648 1111 768 1152 eversae
782 1089 834 1152 bic
847 1103 1041 1158 memoratur.
1084 1111 1125 1153 ax
1137 1092 1261 1154 Albania
1268 1111 1351 1174 porro
1360 1109 1401 1151 re·

331 1186 380 1238 cte
395 1177 505 1256 gentile
519 1195 629 1236 nomen
642 1177 791 1246 formatur
804 1176 968 1238 Attonitae

416 1257 628 1344 ἆμηραλῆς
655 1281 685 1341 P·
700 1265 762 1330 608
782 1281 813 1326 v,
829 1266 879 1326 10.
922 1262 1046 1324 videtur
1067 1283 1217 1345 usurpare
1230 1256 1357 1344 ‹ipppoisi
1372 1266 1399 1318 rt

329 1348 488 1428 proprium
512 1347 570 1407 viri
591 1367 719 1425 nomen,
742 1365 922 1426 quamquam
945 1357 976 1408 et
995 1349 1092 1410 rideri
1107 1351 1204 1430 possit
1216 1345 1400 1429 appellativum

329 1433 514 1492 vocabulum
535 1431 705 1510 dignitatis,
727 1433 913 1512 praelectam
935 1434 1030 1504 mans,
1045 1435 1202 1509 indicans3
1221 1435 1304 1494 cuius
1316 1440 1400 1494 atno-

329 1517 421 1576 tionis
435 1527 465 1576 et
478 1518 562 1577 vocis
576 1535 664 1578 usum
682 1517 755 1578 satia
774 1519 919 1578 calabram
936 1520 1018 1600 apud
1030 1519 1087 1580 bos
1099 1521 1261 1601 scriptores
1276 1519 1400 1598 nopae»

332 1621 385 1662 eos
399 1602 495 1680 quivis
508 1602 539 1662 in
557 1603 594 1662 iis
608 1612 745 1664 versatus
758 1604 857 1679 novit,
874 1613 904 1664 et
919 1604 1009 1665 docet
1023 1605 1171 1666 bieursios
1187 1605 1278 1668 verbo
1288 1594 1400 1682 'Apposi-

331 1690 396 1760 λιος
410 1696 440 1746 et
451 1681 599 1769 Ἀρηρᾶς.
642 1707 697 1767 ego
711 1689 775 1748 sine
789 1688 974 1768 praeiudicio
988 1710 1052 1752 rem
1063 1692 1211 1770 integram
1222 1691 1254 1750 in
1268 1687 1400 1750 mdiore

329 1771 452 1851 linquo,
474 1773 644 1854 exprimens
664 1773 699 1833 in
719 1775 857 1835 versione
876 1774 990 1835 Latinis
1007 1775 1103 1838 literis
1123 1796 1190 1839 eam
1203 1777 1295 1856 ipsam
1308 1787 1398 1842 vocem,

331 1877 420 1936 quam
442 1857 538 1920 lector
561 1878 618 1940 pro
639 1879 696 1920 sno
716 1859 841 1923 neimo
854 1861 906 1922 vel
915 1860 1039 1943 proprie
1053 1861 1103 1923 vel
1116 1862 1400 1944 appauaaiveamm

353 1942 453 2004 oterit.

330 1963 352 2024 P
418 2022 685 2109 ἀναδέχεσθαι
711 2027 764 2094 nol
792 2024 967 2111 deodozai
993 2030 1111 2111 110256
1131 2051 1163 2096 ν.
1188 2031 1237 2099 14.
1276 2028 1330 2091 ΒΜ
1347 2025 1399 2084 ¹⁰⁰⁰

227 2115 317 2173 P869
334 2112 407 2175 duae
441 2114 509 2174 illos
542 2133 631 2174 voces
664 2109 820 2196 ἄναᾱοχῆς
851 2125 883 2178 et
917 2111 1090 2197 deodixosro
1122 2116 1271 2198 peculiari
1299 2111 1400 2194 quadem

329 2200 472 2278 usurpari
493 2199 690 2260 ecclesiastica
707 2201 849 2276 notione,
871 2201 959 2262 facile
975 2202 1117 2263 attentius
1134 2206 1237 2262 omnia
1250 2192 1401 2274 circumspl-

332 2283 423 2344 cisriti
439 2294 527 2362 patet.
573 2285 695 2346 videtur
709 2296 808 2348 autem
820 2288 905 2368 prins
920 2288 1101 2348 vocabalum
1118 2281 1270 2368 ἇααδοχῆς
1280 2286 1310 2345 in
1322 2303 1352 2343 so
1363 2278 1400 2338 lit

327 2370 498 2449 significatu
518 2369 607 2450 poni,
629 2380 666 2433 ut
686 2371 803 2435 indicet
823 2371 1041 2434 absolutionem
1059 2373 1301 2435 sacramentalem
1316 2370 1345 2429 in
1356 2361 1401 2425 tri·
1477 2420 1478 2424 ,

327 2456 433 2519 barali
451 2457 646 2521 consessionis
660 2478 786 2519 arcanae
803 2458 952 2541 impertiri
966 2458 1191 2539 poenitentibus
1211 2459 1324 2520 solitam
1337 2474 1352 2511 e
1363 2469 1401 2509 Β·

326 2543 448 2603 cerdots
467 2542 706 2605 iurisdietionem
729 2545 769 2603 ad
791 2544 824 2604 id
846 2545 1030 2606 ordinariam
1044 2544 1096 2603 vel
1109 2544 1273 2623 delegatam
1289 2538 1401 2601 hebente-

325 2628 465 2687 similiter
483 2628 607 2689 verbum
623 2622 825 2709 ἀναδέχεσθαι
837 2630 980 2709 exprimit
992 2630 1140 2689 sobonem
1152 2630 1251 2710 ipsam
1264 2616 1401 2690 sacerdoli!

324 2712 518 2775 absolventis.
562 2714 699 2773 eontinet
719 2724 818 2775 autem
837 2715 988 2795 posterior
1008 2735 1078 2794 para
1094 2712 1186 2775 huius
1199 2710 1354 2778 sententiae
1362 2724 1402 2765 π·

326 2795 439 2857 tionem
470 2796 595 2875 priorise
627 2800 695 2859 ideo
715 2800 795 2859 enim
817 2799 923 2860 scribit
940 2809 1046 2861 auctor
1064 2800 1249 2881 increpitum
1268 2792 1401 2875 torpino

326 2882 413 2960 qnasi
436 2881 612 2943 absolvisset
624 2883 655 2941 in
672 2885 738 2943 loro
754 2885 954 2945 conscient'ne
973 2887 1141 2965 Augustum
1159 2896 1267 2947 contra
1287 2880 1402 2943 volante·

326 2974 387 3027 tsm
410 2964 615 3046 patriarcbae3
647 2968 727 3046 quod
750 2978 909 3048 postquam
930 2971 1246 3032 excommunicaverat
1262 2969 1403 3046 Anguem

326 3049 499 3133 patriarcha
507 3096 515 3129 ,
537 3052 681 3115 vetuisset
698 3052 874 3114 nominatim
889 3074 928 3115 ne
942 3057 1032 3115 etiam
1049 3056 1115 3116 eina
1129 3055 1325 3117 confessarios
1337 3050 1403 3109 leet·

325 3134 406 3218 phos
428 3136 529 3217 ipsum
549 3156 659 3199 arcano
681 3136 875 3199 confitentem
898 3140 1040 3223 deinceps
1053 3140 1170 3202 audiret
1185 3152 1238 3202 aut
1251 3137 1404 3200 absolvent

326 3222 362 3283 id
382 3232 482 3283 tamen
502 3222 566 3283 sibi.
582 3222 673 3283 fuisse
691 3223 877 3303 prohibitum
894 3225 1187 3306 negabatlosepbns.
1229 3245 1300 3287 sane
1311 3220 1404 3282 aeon

328 3307 544 3370 dissimulando
559 3308 730 3389 permisisse
749 3310 952 3390 patriarcham
968 3320 1005 3371 nt
1024 3314 1195 3390 Argutus,
1219 3312 1289 3371 licet
1300 3329 1316 3368 a
1326 3324 1354 3366 se
1367 3301 1405 3360 iu·

327 3394 476 3455 terdictas
497 3395 605 3465 saeris,
626 3393 726 3474 aliqua
746 3403 848 3457 tamen
864 3397 1094 3477 participatione
1106 3398 1404 3457 aaoommotmtun

328 3487 366 3539 ut
379 3476 520 3539 distincte
532 3478 727 3561 Paobymeres
741 3482 852 3559 refert,
871 3481 1147 3562 inconsequentiam
1166 3481 1231 3543 sias
1245 3478 1317 3542 facti
1326 3489 1405 3535 σω·

326 3580 412 3640 sans,
434 3565 456 3627 l.
475 3568 494 3628 8
512 3584 538 3625 o.
556 3563 605 3630 14.
649 3584 743 3645 qnare
762 3566 827 3627 lieri
841 3568 943 3647 potuit
954 3577 990 3627 ut
1006 3576 1039 3627 et
1053 3567 1087 3659 ip
1098 3566 1295 3646 relinquendo
1306 3562 1348 3623 illi
1359 3572 1405 3617 πω

326 3648 423 3709 libero
436 3648 631 3710 confessionis
648 3670 772 3711 arcanae
787 3652 979 3728 conniveret,
999 3672 1062 3712 nou
1073 3651 1284 3713 interdicendo
1295 3639 1405 3736 losspbt
1477 3659 1478 3664 ’

327 3734 391 3795 eins
402 3734 586 3797 confessario
597 3754 636 3795 ne
650 3736 710 3816 ipsi
727 3736 926 3816 poenitentiae
943 3748 1163 3800 sacramentnm
1177 3738 1321 3820 privatim
1330 3728 1405 3793 mim·
1477 3723 1478 3746 ¹

325 3828 443 3882 straret.
483 3820 554 3882 vide
569 3840 646 3899 quae
658 3832 835 3889 annotamus
848 3823 941 3883 verbo
955 3816 1168 3903 πνευματικός.

408 3900 595 3986 dvopopd
619 3926 649 3988 p·
664 3908 727 3973 876
748 3928 779 3967 v.
794 3911 823 3973 8.
866 3900 1012 3991 α’ναφορᾶ
1029 3908 1083 3968 bic
1103 3917 1191 3970 sonat
1205 3904 1404 3987 prolativum
1477 3905 1478 3908 ’

322 3998 359 4049 ut
376 3990 450 4051 alibi
470 3984 623 4073 epopopri.
666 4000 772 4053 notam
794 3992 873 4053 enim
891 3990 1079 4075 αοοφοριαὸν
1091 3990 1180 4078 λόγον
1191 3991 1306 4073 opponi
1320 3985 1405 4049 ivdie·

282 4150 285 4157 ,
321 4073 403 4159 otsp
418 4076 501 4157 apud
517 4077 665 4151 Graecos,
686 4086 721 4137 ut
734 4076 817 4159 apud
831 4078 952 4140 Latinos
965 4079 1131 4160 opponitur
1144 4098 1242 4139 sermo
1255 4092 1328 4137 vocs
1341 4084 1404 4150 put·
1477 4129 1478 4144 ,

321 4158 403 4218 latua
428 4169 528 4219 mente
554 4171 714 4240 concepto.
756 4162 854 4224 videri
876 4164 965 4224 etiam
986 4174 1085 4244 potest
1107 4162 1241 4225 adbibita
1260 4178 1320 4220 vox
1340 4164 1404 4233 (1⁸⁸⁰
1477 4159 1478 4200 l

320 4250 448 4320 propter
468 4245 718 4324 compositionem
736 4266 775 4308 ex
795 4250 1018 4329 praepositione
1039 4244 1118 4327 oleri,
1138 4245 1344 4330 repetitionem
1360 4237 1404 4294 wi

321 4324 558 4419 resumptionem
576 4327 778 4413 significante,
796 4332 936 4399 maneret
948 4334 1038 4401 istam
1048 4326 1404 4423 pronuntiationem&
