<?xml version="1.0" encoding="UTF-8"?>
<!DOCTYPE html PUBLIC "-//W3C//DTD XHTML 1.0 Transitional//EN"
    "http://www.w3.org/TR/xhtml1/DTD/xhtml1-transitional.dtd">
<html xmlns="http://www.w3.org/1999/xhtml" xml:lang="en" lang="en">
 <head>
  <title>
</title>
<meta http-equiv="Content-Type" content="text/html;charset=utf-8" />
  <meta name='ocr-system' content='tesseract 3.04.00' />
  <meta name='ocr-capabilities' content='ocr_page ocr_carea ocr_par ocr_line ocrx_word'/>
</head>
<body>
  <div class='ocr_page' id='page_1' title='image "./corpusscriptoru27niebgoog_0661.png"; bbox 0 0 3100 4850; ppageno 0'>
   <div class='ocr_carea' id='block_1_1' title="bbox 175 343 1270 595">
    <p class='ocr_par' dir='ltr' id='par_1_1' title="bbox 175 343 1270 595">
     <span class='ocr_line' id='line_1_1' title="bbox 565 343 1270 424; baseline 0.014 -10"><span class='ocrx_word' id='word_1_1' title='bbox 565 343 699 415; x_wconf 63' lang='grc' dir='ltr'><strong>ΒΜ.</strong></span> <span class='ocrx_word' id='word_1_2' title='bbox 735 346 890 417; x_wconf 74' lang='lat' dir='ltr'><strong>uorat.</strong></span> <span class='ocrx_word' id='word_1_3' title='bbox 960 377 962 382; x_wconf 88' lang='lat'><em>·</em></span> <span class='ocrx_word' id='word_1_4' title='bbox 1195 347 1270 424; x_wconf 79' lang='grc'><strong>643</strong></span> 
     </span>
     <span class='ocr_line' id='line_1_2' title="bbox 175 483 1270 595; baseline 0.008 -20"><span class='ocrx_word' id='word_1_5' title='bbox 175 527 278 595; x_wconf 69' lang='grc' dir='ltr'><strong>μω</strong></span> <span class='ocrx_word' id='word_1_6' title='bbox 294 520 381 588; x_wconf 73' lang='lat' dir='ltr'><strong>aas,</strong></span> <span class='ocrx_word' id='word_1_7' title='bbox 400 509 544 574; x_wconf 69' lang='lat' dir='ltr'><strong>aeman</strong></span> <span class='ocrx_word' id='word_1_8' title='bbox 561 483 641 572; x_wconf 68' lang='lat' dir='ltr'><strong>aaa</strong></span> <span class='ocrx_word' id='word_1_9' title='bbox 660 527 724 572; x_wconf 74' lang='lat' dir='ltr'><strong>nan</strong></span> <span class='ocrx_word' id='word_1_10' title='bbox 743 509 881 578; x_wconf 67' lang='lat' dir='ltr'><strong>‚natan</strong></span> <span class='ocrx_word' id='word_1_11' title='bbox 915 512 996 591; x_wconf 75' lang='lat' dir='ltr'><strong>qnid</strong></span> <span class='ocrx_word' id='word_1_12' title='bbox 1017 513 1095 576; x_wconf 72' lang='lat' dir='ltr'><strong>anm</strong></span> <span class='ocrx_word' id='word_1_13' title='bbox 1111 515 1184 578; x_wconf 70' lang='lat' dir='ltr'><strong>uua</strong></span> <span class='ocrx_word' id='word_1_14' title='bbox 1197 519 1270 585; x_wconf 73' lang='lat' dir='ltr'><strong>raet</strong></span> 
     </span>
    </p>
   </div>
   <div class='ocr_carea' id='block_1_2' title="bbox 119 592 1374 4427">
    <p class='ocr_par' dir='ltr' id='par_1_2' title="bbox 172 592 1319 1360">
     <span class='ocr_line' id='line_1_3' title="bbox 175 592 1319 683; baseline -0.004 -23"><span class='ocrx_word' id='word_1_15' title='bbox 175 592 436 662; x_wconf 65' lang='lat' dir='ltr'><strong>ruminae</strong></span> <span class='ocrx_word' id='word_1_16' title='bbox 453 597 554 658; x_wconf 88' lang='lat' dir='ltr'><strong>locmn</strong></span> <span class='ocrx_word' id='word_1_17' title='bbox 568 617 718 677; x_wconf 82' lang='lat' dir='ltr'><strong>occupans</strong></span> <span class='ocrx_word' id='word_1_18' title='bbox 730 597 886 674; x_wconf 81' lang='lat' dir='ltr'><strong>vocabuli,</strong></span> <span class='ocrx_word' id='word_1_19' title='bbox 906 599 989 676; x_wconf 85' lang='lat' dir='ltr'><strong>quod</strong></span> <span class='ocrx_word' id='word_1_20' title='bbox 1001 602 1180 678; x_wconf 87' lang='lat' dir='ltr'><strong>respondeat</strong></span> <span class='ocrx_word' id='word_1_21' title='bbox 1193 623 1268 683; x_wconf 86' lang='lat' dir='ltr'><strong>par.</strong></span> <span class='ocrx_word' id='word_1_22' title='bbox 1316 613 1319 618; x_wconf 85' lang='lat'>·</span> 
     </span>
     <span class='ocr_line' id='line_1_4' title="bbox 175 676 1267 764; baseline 0.005 -21"><span class='ocrx_word' id='word_1_23' title='bbox 175 683 278 763; x_wconf 89' lang='lat' dir='ltr'><strong>ticipio</strong></span> <span class='ocrx_word' id='word_1_24' title='bbox 296 676 517 756; x_wconf 65' lang='grc' dir='ltr'><strong>ναιααταὶαιαςὲ</strong></span> <span class='ocrx_word' id='word_1_25' title='bbox 558 690 639 747; x_wconf 72' lang='lat' dir='ltr'><strong>sacta</strong></span> <span class='ocrx_word' id='word_1_26' title='bbox 656 683 747 761; x_wconf 74' lang='lat' dir='ltr'><strong>igitur</strong></span> <span class='ocrx_word' id='word_1_27' title='bbox 766 692 800 742; x_wconf 90' lang='lat' dir='ltr'><strong>et</strong></span> <span class='ocrx_word' id='word_1_28' title='bbox 816 701 853 742; x_wconf 81' lang='lat' dir='ltr'><strong>er</strong></span> <span class='ocrx_word' id='word_1_29' title='bbox 869 683 999 759; x_wconf 87' lang='lat' dir='ltr'><strong>meliori,</strong></span> <span class='ocrx_word' id='word_1_30' title='bbox 1021 687 1143 764; x_wconf 80' lang='lat' dir='ltr'>opinor,</span> <span class='ocrx_word' id='word_1_31' title='bbox 1165 707 1267 752; x_wconf 53' lang='lat' dir='ltr'><strong>uem,</strong></span> 
     </span>
     <span class='ocr_line' id='line_1_5' title="bbox 172 761 1267 853; baseline 0.007 -26"><span class='ocrx_word' id='word_1_32' title='bbox 172 768 251 848; x_wconf 86' lang='lat' dir='ltr'><strong>plari</strong></span> <span class='ocrx_word' id='word_1_33' title='bbox 260 788 317 847; x_wconf 84' lang='lat' dir='ltr'><strong>pra</strong></span> <span class='ocrx_word' id='word_1_34' title='bbox 329 764 511 832; x_wconf 68' lang='lat' dir='ltr'><strong>inanimae</strong></span> <span class='ocrx_word' id='word_1_35' title='bbox 526 765 686 826; x_wconf 84' lang='lat' dir='ltr'><strong>Vaticanus</strong></span> <span class='ocrx_word' id='word_1_36' title='bbox 697 767 783 847; x_wconf 88' lang='lat' dir='ltr'><strong>ponit</strong></span> <span class='ocrx_word' id='word_1_37' title='bbox 794 761 978 848; x_wconf 70' lang='grc' dir='ltr'><strong><em>πνεύματος,</em></strong></span> <span class='ocrx_word' id='word_1_38' title='bbox 999 787 1087 830; x_wconf 86' lang='lat' dir='ltr'><strong>sensu</strong></span> <span class='ocrx_word' id='word_1_39' title='bbox 1099 771 1155 830; x_wconf 89' lang='lat' dir='ltr'><strong>iem</strong></span> <span class='ocrx_word' id='word_1_40' title='bbox 1167 773 1267 853; x_wconf 83' lang='lat' dir='ltr'><strong>plano,</strong></span> 
     </span>
     <span class='ocr_line' id='line_1_6' title="bbox 174 853 1268 932; baseline 0.002 -20"><span class='ocrx_word' id='word_1_41' title='bbox 174 871 263 930; x_wconf 86' lang='lat' dir='ltr'><strong>quem</strong></span> <span class='ocrx_word' id='word_1_42' title='bbox 277 862 308 912; x_wconf 89' lang='lat' dir='ltr'><strong>et</strong></span> <span class='ocrx_word' id='word_1_43' title='bbox 322 868 377 912; x_wconf 89' lang='lat' dir='ltr'><strong>not</strong></span> <span class='ocrx_word' id='word_1_44' title='bbox 392 853 424 911; x_wconf 93' lang='lat' dir='ltr'><strong>in</strong></span> <span class='ocrx_word' id='word_1_45' title='bbox 439 853 683 931; x_wconf 71' lang='lat' dir='ltr'><strong>interpretatione</strong></span> <span class='ocrx_word' id='word_1_46' title='bbox 696 854 855 914; x_wconf 88' lang='lat' dir='ltr'><strong>tenuimus.</strong></span> <span class='ocrx_word' id='word_1_47' title='bbox 897 872 972 932; x_wconf 88' lang='lat' dir='ltr'><strong>qaae</strong></span> <span class='ocrx_word' id='word_1_48' title='bbox 986 865 1152 930; x_wconf 89' lang='lat' dir='ltr'><strong>sequuntur</strong></span> <span class='ocrx_word' id='word_1_49' title='bbox 1167 861 1198 918; x_wconf 91' lang='lat' dir='ltr'><strong>in</strong></span> <span class='ocrx_word' id='word_1_50' title='bbox 1213 860 1268 922; x_wconf 72' lang='lat' dir='ltr'><strong>iis-</strong></span> 
     </span>
     <span class='ocr_line' id='line_1_7' title="bbox 175 935 1266 1023; baseline 0.008 -27"><span class='ocrx_word' id='word_1_51' title='bbox 175 939 245 998; x_wconf 88' lang='lat' dir='ltr'><strong>dem</strong></span> <span class='ocrx_word' id='word_1_52' title='bbox 265 937 354 1000; x_wconf 81' lang='lat' dir='ltr'><strong>codd</strong></span> <span class='ocrx_word' id='word_1_53' title='bbox 372 938 397 995; x_wconf 91' lang='lat' dir='ltr'>B</span> <span class='ocrx_word' id='word_1_54' title='bbox 416 947 448 998; x_wconf 90' lang='lat' dir='ltr'><strong>et</strong></span> <span class='ocrx_word' id='word_1_55' title='bbox 466 938 511 1009; x_wconf 75' lang='lat' dir='ltr'><strong>A,</strong></span> <span class='ocrx_word' id='word_1_56' title='bbox 534 935 718 1017; x_wconf 87' lang='lat' dir='ltr'><strong>desperatam</strong></span> <span class='ocrx_word' id='word_1_57' title='bbox 739 937 966 1017; x_wconf 73' lang='lat' dir='ltr'><strong>perplexitatem</strong></span> <span class='ocrx_word' id='word_1_58' title='bbox 986 935 1111 1016; x_wconf 84' lang='lat' dir='ltr'><strong>liabent,</strong></span> <span class='ocrx_word' id='word_1_59' title='bbox 1135 953 1266 1023; x_wconf 89' lang='lat' dir='ltr'><strong>auctore,</strong></span> 
     </span>
     <span class='ocr_line' id='line_1_8' title="bbox 173 1022 1266 1102; baseline 0.007 -18"><span class='ocrx_word' id='word_1_60' title='bbox 173 1033 211 1084; x_wconf 87' lang='lat' dir='ltr'><strong>ut</strong></span> <span class='ocrx_word' id='word_1_61' title='bbox 231 1023 321 1096; x_wconf 86' lang='lat' dir='ltr'><strong>solet,</strong></span> <span class='ocrx_word' id='word_1_62' title='bbox 340 1030 403 1080; x_wconf 74' lang='lat' dir='ltr'><strong>tm»</strong></span> <span class='ocrx_word' id='word_1_63' title='bbox 420 1022 453 1082; x_wconf 91' lang='lat' dir='ltr'><strong>in</strong></span> <span class='ocrx_word' id='word_1_64' title='bbox 472 1022 588 1082; x_wconf 91' lang='lat' dir='ltr'><strong>delectu</strong></span> <span class='ocrx_word' id='word_1_65' title='bbox 603 1043 692 1102; x_wconf 89' lang='lat' dir='ltr'><strong>quam</strong></span> <span class='ocrx_word' id='word_1_66' title='bbox 709 1022 743 1082; x_wconf 90' lang='lat' dir='ltr'><strong>in</strong></span> <span class='ocrx_word' id='word_1_67' title='bbox 766 1023 959 1085; x_wconf 80' lang='lat' dir='ltr'><strong>collocatione</strong></span> <span class='ocrx_word' id='word_1_68' title='bbox 971 1023 1135 1086; x_wconf 82' lang='lat' dir='ltr'><strong>verborum</strong></span> <span class='ocrx_word' id='word_1_69' title='bbox 1148 1027 1266 1092; x_wconf 85' lang='lat' dir='ltr'><strong>obviam</strong></span> 
     </span>
     <span class='ocr_line' id='line_1_9' title="bbox 172 1103 1267 1186; baseline 0.005 -16"><span class='ocrx_word' id='word_1_70' title='bbox 172 1107 460 1170; x_wconf 68' lang='lat' dir='ltr'><strong>unanimantem</strong></span> <span class='ocrx_word' id='word_1_71' title='bbox 472 1107 610 1185; x_wconf 80' lang='lat' dir='ltr'><strong>fugiente.</strong></span> <span class='ocrx_word' id='word_1_72' title='bbox 651 1108 808 1168; x_wconf 70' lang='lat' dir='ltr'><strong>Vaticanus</strong></span> <span class='ocrx_word' id='word_1_73' title='bbox 822 1128 857 1168; x_wconf 90' lang='lat' dir='ltr'><strong>es</strong></span> <span class='ocrx_word' id='word_1_74' title='bbox 874 1108 1048 1186; x_wconf 86' lang='lat' dir='ltr'><strong>compendio</strong></span> <span class='ocrx_word' id='word_1_75' title='bbox 1059 1120 1092 1170; x_wconf 89' lang='lat' dir='ltr'><strong>et</strong></span> <span class='ocrx_word' id='word_1_76' title='bbox 1103 1103 1212 1174; x_wconf 84' lang='lat' dir='ltr'><strong>clarius</strong></span> <span class='ocrx_word' id='word_1_77' title='bbox 1228 1115 1267 1176; x_wconf 91' lang='lat' dir='ltr'><strong>de</strong></span> 
     </span>
     <span class='ocr_line' id='line_1_10' title="bbox 172 1186 1266 1280; baseline 0.01 -28"><span class='ocrx_word' id='word_1_78' title='bbox 172 1213 230 1254; x_wconf 86' lang='lat' dir='ltr'><strong>suo</strong></span> <span class='ocrx_word' id='word_1_79' title='bbox 250 1191 418 1272; x_wconf 83' lang='lat' dir='ltr'><strong>exprimens</strong></span> <span class='ocrx_word' id='word_1_80' title='bbox 433 1193 478 1252; x_wconf 89' lang='lat' dir='ltr'><strong>sic</strong></span> <span class='ocrx_word' id='word_1_81' title='bbox 492 1191 598 1254; x_wconf 88' lang='lat' dir='ltr'><strong>habet:</strong></span> <span class='ocrx_word' id='word_1_82' title='bbox 618 1186 674 1256; x_wconf 83' lang='lat' dir='ltr'><strong>sls&#39;</strong></span> <span class='ocrx_word' id='word_1_83' title='bbox 696 1187 751 1255; x_wconf 76' lang='lat' dir='ltr'><strong>iaia</strong></span> <span class='ocrx_word' id='word_1_84' title='bbox 771 1215 802 1255; x_wconf 81' lang='grc' dir='ltr'><strong>τι</strong></span> <span class='ocrx_word' id='word_1_85' title='bbox 821 1187 891 1274; x_wconf 74' lang='grc' dir='ltr'><strong>περὶ</strong></span> <span class='ocrx_word' id='word_1_86' title='bbox 912 1190 950 1256; x_wconf 71' lang='grc' dir='ltr'><strong>ια’</strong></span> <span class='ocrx_word' id='word_1_87' title='bbox 968 1191 1101 1276; x_wconf 72' lang='grc' dir='ltr'><strong>αἰσθηταὶ</strong></span> <span class='ocrx_word' id='word_1_88' title='bbox 1123 1201 1266 1280; x_wconf 72' lang='grc' dir='ltr'><strong><em>συμβαίη,</em></strong></span> 
     </span>
     <span class='ocr_line' id='line_1_11' title="bbox 174 1271 1266 1360; baseline 0.007 -20"><span class='ocrx_word' id='word_1_89' title='bbox 174 1275 219 1358; x_wconf 76' lang='lat' dir='ltr'><strong>psi</strong></span> <span class='ocrx_word' id='word_1_90' title='bbox 231 1272 519 1352; x_wconf 66' lang='lat' dir='ltr'><strong>matisconensi</strong></span> <span class='ocrx_word' id='word_1_91' title='bbox 532 1273 632 1358; x_wconf 67' lang='lat' dir='ltr'><strong>quous</strong></span> <span class='ocrx_word' id='word_1_92' title='bbox 647 1281 704 1340; x_wconf 71' lang='grc' dir='ltr'><strong><em>τοο·</em></strong></span> <span class='ocrx_word' id='word_1_93' title='bbox 715 1271 894 1358; x_wconf 71' lang='grc' dir='ltr'><strong><em>πνεύματος,</em></strong></span> <span class='ocrx_word' id='word_1_94' title='bbox 909 1279 937 1340; x_wconf 79' lang='lat' dir='ltr'><strong>si</strong></span> <span class='ocrx_word' id='word_1_95' title='bbox 948 1275 1003 1358; x_wconf 67' lang='lat' dir='ltr'><strong>pte</strong></span> <span class='ocrx_word' id='word_1_96' title='bbox 1016 1275 1128 1360; x_wconf 77' lang='grc' dir='ltr'><strong><em>ὁμαλόν</em></strong></span> <span class='ocrx_word' id='word_1_97' title='bbox 1141 1281 1202 1348; x_wconf 74' lang='grc' dir='ltr'><strong>ἐστι</strong></span> <span class='ocrx_word' id='word_1_98' title='bbox 1213 1283 1266 1348; x_wconf 78' lang='lat' dir='ltr'><strong>sai</strong></span> 
     </span>
    </p>

    <p class='ocr_par' dir='ltr' id='par_1_3' title="bbox 119 1356 1267 1867">
     <span class='ocr_line' id='line_1_12' title="bbox 119 1356 1267 1443; baseline 0.007 -19"><span class='ocrx_word' id='word_1_99' title='bbox 119 1358 123 1365; x_wconf 50' lang='lat'><strong><em>⁴</em></strong></span> <span class='ocrx_word' id='word_1_100' title='bbox 171 1367 237 1424; x_wconf 77' lang='lat' dir='ltr'><strong>sois</strong></span> <span class='ocrx_word' id='word_1_101' title='bbox 256 1357 405 1442; x_wconf 78' lang='grc' dir='ltr'><strong><em>συνήθων</em></strong></span> <span class='ocrx_word' id='word_1_102' title='bbox 416 1360 450 1427; x_wconf 74' lang='grc' dir='ltr'><strong>ια’</strong></span> <span class='ocrx_word' id='word_1_103' title='bbox 465 1356 760 1443; x_wconf 66' lang='grc' dir='ltr'><strong><em>ἀπολαμβανόμενον</em></strong></span> <span class='ocrx_word' id='word_1_104' title='bbox 777 1363 890 1442; x_wconf 69' lang='grc' dir='ltr'><strong><em>αἴφνης</em></strong></span> <span class='ocrx_word' id='word_1_105' title='bbox 909 1357 1074 1441; x_wconf 73' lang='lat' dir='ltr'><strong>iumenta,</strong></span> <span class='ocrx_word' id='word_1_106' title='bbox 1099 1361 1138 1430; x_wconf 81' lang='lat' dir='ltr'><strong>oti</strong></span> <span class='ocrx_word' id='word_1_107' title='bbox 1158 1374 1267 1432; x_wconf 74' lang='lat' dir='ltr'><strong>sosoi-</strong></span> 
     </span>
     <span class='ocr_line' id='line_1_13' title="bbox 174 1440 1267 1552; baseline 0.007 -42"><span class='ocrx_word' id='word_1_108' title='bbox 174 1469 230 1510; x_wconf 84' lang='grc' dir='ltr'><strong>ιον</strong></span> <span class='ocrx_word' id='word_1_109' title='bbox 239 1449 356 1552; x_wconf 69' lang='lat' dir='ltr'><strong>plesseto</strong></span> <span class='ocrx_word' id='word_1_110' title='bbox 368 1444 404 1510; x_wconf 78' lang='lat' dir='ltr'><strong>ri</strong></span> <span class='ocrx_word' id='word_1_111' title='bbox 418 1443 531 1530; x_wconf 69' lang='grc' dir='ltr'><strong><em>βλάβος</em></strong></span> <span class='ocrx_word' id='word_1_112' title='bbox 543 1447 614 1526; x_wconf 74' lang='grc' dir='ltr'><strong>περὶ</strong></span> <span class='ocrx_word' id='word_1_113' title='bbox 626 1443 662 1512; x_wconf 71' lang='grc' dir='ltr'><strong>ια’</strong></span> <span class='ocrx_word' id='word_1_114' title='bbox 675 1440 854 1528; x_wconf 75' lang='grc' dir='ltr'><strong>λογιστικόν.</strong></span> <span class='ocrx_word' id='word_1_115' title='bbox 896 1447 923 1510; x_wconf 83' lang='lat' dir='ltr'><strong>ei</strong></span> <span class='ocrx_word' id='word_1_116' title='bbox 937 1445 969 1512; x_wconf 85' lang='lat' dir='ltr'><strong>di</strong></span> <span class='ocrx_word' id='word_1_117' title='bbox 982 1447 1116 1532; x_wconf 62' lang='grc' dir='ltr'><strong><em>λυπηρὸν</em></strong></span> <span class='ocrx_word' id='word_1_118' title='bbox 1127 1448 1150 1532; x_wconf 76' lang='grc' dir='ltr'><em>ἢ</em></span> <span class='ocrx_word' id='word_1_119' title='bbox 1162 1448 1267 1534; x_wconf 74' lang='grc' dir='ltr'><strong>χάριεν</strong></span> 
     </span>
     <span class='ocr_line' id='line_1_14' title="bbox 174 1525 1264 1616; baseline 0.006 -21"><span class='ocrx_word' id='word_1_120' title='bbox 174 1527 208 1595; x_wconf 71' lang='grc' dir='ltr'><strong>ια’</strong></span> <span class='ocrx_word' id='word_1_121' title='bbox 227 1527 523 1613; x_wconf 72' lang='grc' dir='ltr'><strong>ανιιλαρβανόμενον</strong></span> <span class='ocrx_word' id='word_1_122' title='bbox 544 1526 658 1606; x_wconf 65' lang='lat' dir='ltr'><strong>sibim</strong></span> <span class='ocrx_word' id='word_1_123' title='bbox 677 1525 831 1597; x_wconf 68' lang='lat' dir='ltr'><strong>tanaceta</strong></span> <span class='ocrx_word' id='word_1_124' title='bbox 848 1528 931 1613; x_wconf 74' lang='lat' dir='ltr'><strong>napi</strong></span> <span class='ocrx_word' id='word_1_125' title='bbox 951 1537 1052 1598; x_wconf 74' lang='grc' dir='ltr'><strong><em>πᾶσαν</em></strong></span> <span class='ocrx_word' id='word_1_126' title='bbox 1069 1537 1264 1616; x_wconf 77' lang='grc' dir='ltr'><strong><em>προσδοκίαν,</em></strong></span> 
     </span>
     <span class='ocr_line' id='line_1_15' title="bbox 172 1609 1266 1701; baseline 0.005 -22"><span class='ocrx_word' id='word_1_127' title='bbox 172 1617 426 1698; x_wconf 65' lang='grc' dir='ltr'><strong>τεθορυβημένον</strong></span> <span class='ocrx_word' id='word_1_128' title='bbox 436 1622 497 1682; x_wconf 73' lang='grc' dir='ltr'><strong>τῶν</strong></span> <span class='ocrx_word' id='word_1_129' title='bbox 508 1613 683 1696; x_wconf 74' lang='grc' dir='ltr'><strong><em>αἰσθήσεων</em></strong></span> <span class='ocrx_word' id='word_1_130' title='bbox 697 1615 838 1696; x_wconf 71' lang='grc' dir='ltr'><strong>ἔκπληξιν</strong></span> <span class='ocrx_word' id='word_1_131' title='bbox 849 1609 1054 1701; x_wconf 66' lang='grc' dir='ltr'><strong>ἐνεργάζεται.</strong></span> <span class='ocrx_word' id='word_1_132' title='bbox 1081 1622 1122 1680; x_wconf 85' lang='lat' dir='ltr'><strong>ita</strong></span> <span class='ocrx_word' id='word_1_133' title='bbox 1133 1623 1183 1682; x_wconf 90' lang='lat' dir='ltr'><strong>ille</strong></span> <span class='ocrx_word' id='word_1_134' title='bbox 1196 1643 1266 1684; x_wconf 89' lang='lat' dir='ltr'><strong>mu-</strong></span> 
     </span>
     <span class='ocr_line' id='line_1_16' title="bbox 173 1701 1265 1786; baseline 0.007 -24"><span class='ocrx_word' id='word_1_135' title='bbox 173 1709 243 1762; x_wconf 90' lang='lat' dir='ltr'><strong>tans</strong></span> <span class='ocrx_word' id='word_1_136' title='bbox 254 1713 285 1762; x_wconf 92' lang='lat' dir='ltr'><strong>et</strong></span> <span class='ocrx_word' id='word_1_137' title='bbox 299 1701 477 1763; x_wconf 73' lang='lat' dir='ltr'><strong>conuehens</strong></span> <span class='ocrx_word' id='word_1_138' title='bbox 492 1723 549 1783; x_wconf 86' lang='lat' dir='ltr'><strong>pro</strong></span> <span class='ocrx_word' id='word_1_139' title='bbox 561 1701 696 1762; x_wconf 86' lang='lat' dir='ltr'><strong>arbitrio.</strong></span> <span class='ocrx_word' id='word_1_140' title='bbox 738 1723 793 1762; x_wconf 87' lang='lat' dir='ltr'><strong>nas</strong></span> <span class='ocrx_word' id='word_1_141' title='bbox 809 1711 960 1762; x_wconf 85' lang='lat' dir='ltr'><strong>auctorem</strong></span> <span class='ocrx_word' id='word_1_142' title='bbox 972 1704 1071 1783; x_wconf 89' lang='lat' dir='ltr'><strong>ipsum</strong></span> <span class='ocrx_word' id='word_1_143' title='bbox 1082 1705 1265 1786; x_wconf 82' lang='lat' dir='ltr'><strong>exhibemus,</strong></span> 
     </span>
     <span class='ocr_line' id='line_1_17' title="bbox 171 1787 1005 1867; baseline 0.004 -21"><span class='ocrx_word' id='word_1_144' title='bbox 171 1797 203 1846; x_wconf 90' lang='lat' dir='ltr'><strong>et</strong></span> <span class='ocrx_word' id='word_1_145' title='bbox 214 1807 303 1867; x_wconf 86' lang='lat' dir='ltr'><strong>quam</strong></span> <span class='ocrx_word' id='word_1_146' title='bbox 316 1787 481 1848; x_wconf 83' lang='lat' dir='ltr'><strong>fidelissime</strong></span> <span class='ocrx_word' id='word_1_147' title='bbox 496 1808 532 1848; x_wconf 87' lang='lat' dir='ltr'><strong>ec</strong></span> <span class='ocrx_word' id='word_1_148' title='bbox 544 1787 702 1846; x_wconf 71' lang='lat' dir='ltr'><strong>clarissime</strong></span> <span class='ocrx_word' id='word_1_149' title='bbox 716 1807 858 1848; x_wconf 82' lang='lat' dir='ltr'><strong>conamur</strong></span> <span class='ocrx_word' id='word_1_150' title='bbox 870 1787 1005 1850; x_wconf 87' lang='lat' dir='ltr'><strong>reddere.</strong></span> 
     </span>
    </p>

    <p class='ocr_par' dir='ltr' id='par_1_4' title="bbox 159 1869 1374 3903">
     <span class='ocr_line' id='line_1_18' title="bbox 256 1869 1374 1980; baseline -0.003 -41"><span class='ocrx_word' id='word_1_151' title='bbox 256 1893 285 1954; x_wconf 83' lang='lat' dir='ltr'><strong>p-</strong></span> <span class='ocrx_word' id='word_1_152' title='bbox 301 1878 362 1938; x_wconf 86' lang='lat'><strong>160</strong></span> <span class='ocrx_word' id='word_1_153' title='bbox 372 1893 409 1956; x_wconf 63' lang='grc' dir='ltr'><strong>ν.</strong></span> <span class='ocrx_word' id='word_1_154' title='bbox 423 1877 474 1940; x_wconf 81' lang='lat'><strong>20.</strong></span> <span class='ocrx_word' id='word_1_155' title='bbox 512 1885 679 1952; x_wconf 81' lang='lat' dir='ltr'><strong>postquam</strong></span> <span class='ocrx_word' id='word_1_156' title='bbox 688 1869 746 1930; x_wconf 78' lang='lat' dir='ltr'><strong>dia</strong></span> <span class='ocrx_word' id='word_1_157' title='bbox 760 1871 871 1932; x_wconf 76' lang='lat' dir='ltr'><strong>clausa</strong></span> <span class='ocrx_word' id='word_1_158' title='bbox 881 1885 1090 1952; x_wconf 78' lang='lat' dir='ltr'><strong>permanserat</strong></span> <span class='ocrx_word' id='word_1_159' title='bbox 1104 1889 1211 1980; x_wconf 56' lang='grc' dir='ltr'><strong>(φονέα</strong></span> <span class='ocrx_word' id='word_1_160' title='bbox 1222 1887 1267 1941; x_wconf 76' lang='lat' dir='ltr'><strong>eti</strong></span> <span class='ocrx_word' id='word_1_161' title='bbox 1282 1878 1304 1934; x_wconf 83' lang='lat' dir='ltr'><strong>P</strong></span> <span class='ocrx_word' id='word_1_162' title='bbox 1320 1879 1374 1936; x_wconf 78' lang='lat'><strong>460</strong></span> 
     </span>
     <span class='ocr_line' id='line_1_19' title="bbox 169 1957 1266 2045; baseline 0.007 -27"><span class='ocrx_word' id='word_1_163' title='bbox 169 1970 263 2039; x_wconf 83' lang='lat' dir='ltr'><strong>porta</strong></span> <span class='ocrx_word' id='word_1_164' title='bbox 279 1959 394 2018; x_wconf 83' lang='lat' dir='ltr'><strong>Aurea.</strong></span> <span class='ocrx_word' id='word_1_165' title='bbox 436 1958 480 2017; x_wconf 91' lang='lat' dir='ltr'><strong>sic</strong></span> <span class='ocrx_word' id='word_1_166' title='bbox 493 1957 678 2017; x_wconf 89' lang='lat' dir='ltr'><strong>reddidimus</strong></span> <span class='ocrx_word' id='word_1_167' title='bbox 690 1957 771 2034; x_wconf 88' lang='lat' dir='ltr'><strong>quod</strong></span> <span class='ocrx_word' id='word_1_168' title='bbox 784 1957 816 2016; x_wconf 92' lang='lat' dir='ltr'><strong>in</strong></span> <span class='ocrx_word' id='word_1_169' title='bbox 830 1957 942 2016; x_wconf 88' lang='lat' dir='ltr'><strong>Graeco</strong></span> <span class='ocrx_word' id='word_1_170' title='bbox 956 1959 1078 2038; x_wconf 79' lang='lat' dir='ltr'><strong>legitur,</strong></span> <span class='ocrx_word' id='word_1_171' title='bbox 1101 1985 1223 2038; x_wconf 81' lang='grc' dir='ltr'><strong>ηναυιιο</strong></span> <span class='ocrx_word' id='word_1_172' title='bbox 1242 1961 1266 2045; x_wconf 69' lang='lat' dir='ltr'><strong>ri</strong></span> 
     </span>
     <span class='ocr_line' id='line_1_20' title="bbox 171 2037 1264 2125; baseline 0.002 -19"><span class='ocrx_word' id='word_1_173' title='bbox 171 2044 282 2124; x_wconf 75' lang='grc' dir='ltr'><strong><em>χρυσέα</em></strong></span> <span class='ocrx_word' id='word_1_174' title='bbox 297 2037 381 2122; x_wconf 70' lang='grc' dir='ltr'><strong>πύλη</strong></span> <span class='ocrx_word' id='word_1_175' title='bbox 397 2044 511 2125; x_wconf 74' lang='grc' dir='ltr'><strong><em>χρονία.</em></strong></span> <span class='ocrx_word' id='word_1_176' title='bbox 552 2043 596 2101; x_wconf 86' lang='lat' dir='ltr'><strong>ita</strong></span> <span class='ocrx_word' id='word_1_177' title='bbox 612 2042 699 2108; x_wconf 78' lang='lat' dir='ltr'><strong>clere</strong></span> <span class='ocrx_word' id='word_1_178' title='bbox 717 2042 890 2122; x_wconf 84' lang='lat' dir='ltr'><strong>exprimunt</strong></span> <span class='ocrx_word' id='word_1_179' title='bbox 913 2043 1016 2120; x_wconf 83' lang='lat' dir='ltr'><strong>optimi</strong></span> <span class='ocrx_word' id='word_1_180' title='bbox 1036 2043 1124 2104; x_wconf 83' lang='lat' dir='ltr'><strong>cedd.</strong></span> <span class='ocrx_word' id='word_1_181' title='bbox 1142 2045 1166 2104; x_wconf 89' lang='lat' dir='ltr'>B</span> <span class='ocrx_word' id='word_1_182' title='bbox 1183 2056 1213 2105; x_wconf 92' lang='lat' dir='ltr'><strong>et</strong></span> <span class='ocrx_word' id='word_1_183' title='bbox 1227 2047 1264 2108; x_wconf 80' lang='grc' dir='ltr'><strong>Δ.</strong></span> 
     </span>
     <span class='ocr_line' id='line_1_21' title="bbox 171 2121 1265 2208; baseline 0.002 -20"><span class='ocrx_word' id='word_1_184' title='bbox 171 2129 332 2188; x_wconf 81' lang='lat' dir='ltr'><strong>Vaticanus</strong></span> <span class='ocrx_word' id='word_1_185' title='bbox 344 2136 444 2188; x_wconf 88' lang='lat' dir='ltr'><strong>autem</strong></span> <span class='ocrx_word' id='word_1_186' title='bbox 457 2148 514 2208; x_wconf 84' lang='lat' dir='ltr'><strong>pro</strong></span> <span class='ocrx_word' id='word_1_187' title='bbox 524 2128 630 2207; x_wconf 75' lang='grc' dir='ltr'><strong><em>χρονία</em></strong></span> <span class='ocrx_word' id='word_1_188' title='bbox 641 2126 727 2206; x_wconf 89' lang='lat' dir='ltr'><strong>ponit</strong></span> <span class='ocrx_word' id='word_1_189' title='bbox 741 2121 836 2207; x_wconf 74' lang='grc' dir='ltr'>μόλις.</span> <span class='ocrx_word' id='word_1_190' title='bbox 879 2128 959 2190; x_wconf 72' lang='lat' dir='ltr'><strong>uncle</strong></span> <span class='ocrx_word' id='word_1_191' title='bbox 974 2128 1171 2190; x_wconf 80' lang='lat' dir='ltr'><strong>intelleximus</strong></span> <span class='ocrx_word' id='word_1_192' title='bbox 1188 2132 1265 2202; x_wconf 80' lang='lat' dir='ltr'><strong>vella</strong></span> 
     </span>
     <span class='ocr_line' id='line_1_22' title="bbox 171 2211 1265 2294; baseline 0.003 -21"><span class='ocrx_word' id='word_1_193' title='bbox 171 2222 325 2273; x_wconf 84' lang='lat' dir='ltr'><strong>auctorem</strong></span> <span class='ocrx_word' id='word_1_194' title='bbox 341 2211 505 2292; x_wconf 79' lang='lat' dir='ltr'><strong>siguificare</strong></span> <span class='ocrx_word' id='word_1_195' title='bbox 522 2220 591 2292; x_wconf 84' lang='lat' dir='ltr'><strong>post</strong></span> <span class='ocrx_word' id='word_1_196' title='bbox 608 2212 726 2290; x_wconf 82' lang='lat' dir='ltr'><strong>longam</strong></span> <span class='ocrx_word' id='word_1_197' title='bbox 744 2212 871 2290; x_wconf 86' lang='lat' dir='ltr'><strong>denique</strong></span> <span class='ocrx_word' id='word_1_198' title='bbox 887 2213 1121 2293; x_wconf 82' lang='lat' dir='ltr'><strong>expectationem</strong></span> <span class='ocrx_word' id='word_1_199' title='bbox 1137 2217 1265 2294; x_wconf 85' lang='lat' dir='ltr'><strong>patuisse</strong></span> 
     </span>
     <span class='ocr_line' id='line_1_23' title="bbox 169 2295 1262 2378; baseline 0.002 -20"><span class='ocrx_word' id='word_1_200' title='bbox 169 2298 236 2358; x_wconf 86' lang='lat' dir='ltr'><strong>ilias</strong></span> <span class='ocrx_word' id='word_1_201' title='bbox 251 2297 304 2358; x_wconf 90' lang='lat' dir='ltr'><strong>diu</strong></span> <span class='ocrx_word' id='word_1_202' title='bbox 316 2297 466 2357; x_wconf 88' lang='lat' dir='ltr'><strong>obseratas</strong></span> <span class='ocrx_word' id='word_1_203' title='bbox 476 2298 565 2361; x_wconf 85' lang='lat' dir='ltr'><strong>iores.</strong></span> <span class='ocrx_word' id='word_1_204' title='bbox 606 2316 689 2358; x_wconf 88' lang='lat' dir='ltr'><strong>more</strong></span> <span class='ocrx_word' id='word_1_205' title='bbox 703 2295 842 2356; x_wconf 77' lang='lat' dir='ltr'><strong>videlicet</strong></span> <span class='ocrx_word' id='word_1_206' title='bbox 854 2319 1028 2378; x_wconf 79' lang='lat' dir='ltr'><strong>pomparum</strong></span> <span class='ocrx_word' id='word_1_207' title='bbox 1041 2299 1262 2378; x_wconf 73' lang='lat' dir='ltr'><strong>solemniorum,</strong></span> 
     </span>
     <span class='ocr_line' id='line_1_24' title="bbox 171 2381 1265 2463; baseline 0 -18"><span class='ocrx_word' id='word_1_208' title='bbox 171 2381 298 2463; x_wconf 90' lang='lat' dir='ltr'><strong>quibus,</strong></span> <span class='ocrx_word' id='word_1_209' title='bbox 318 2391 355 2441; x_wconf 90' lang='lat' dir='ltr'><strong>ut</strong></span> <span class='ocrx_word' id='word_1_210' title='bbox 376 2381 576 2443; x_wconf 85' lang='lat' dir='ltr'><strong>Tertullianus</strong></span> <span class='ocrx_word' id='word_1_211' title='bbox 595 2381 633 2441; x_wconf 93' lang='lat' dir='ltr'><strong>de</strong></span> <span class='ocrx_word' id='word_1_212' title='bbox 655 2381 802 2461; x_wconf 81' lang='lat' dir='ltr'><strong>mysteriis</strong></span> <span class='ocrx_word' id='word_1_213' title='bbox 822 2383 926 2443; x_wconf 87' lang='lat' dir='ltr'><strong>scribit</strong></span> <span class='ocrx_word' id='word_1_214' title='bbox 936 2383 1022 2445; x_wconf 86' lang='lat' dir='ltr'><strong>initio</strong></span> <span class='ocrx_word' id='word_1_215' title='bbox 1037 2383 1107 2445; x_wconf 90' lang='lat' dir='ltr'><strong>libri</strong></span> <span class='ocrx_word' id='word_1_216' title='bbox 1122 2385 1265 2447; x_wconf 87' lang='lat' dir='ltr'><strong>adversus</strong></span> 
     </span>
     <span class='ocr_line' id='line_1_25' title="bbox 170 2466 1265 2548; baseline 0.002 -19"><span class='ocrx_word' id='word_1_217' title='bbox 170 2468 409 2543; x_wconf 83' lang='lat' dir='ltr'><strong>Valentinianos,</strong></span> <span class='ocrx_word' id='word_1_218' title='bbox 430 2472 609 2527; x_wconf 78' lang='lat' dir='ltr'><strong>cruciantur</strong></span> <span class='ocrx_word' id='word_1_219' title='bbox 628 2466 751 2541; x_wconf 70' lang='lat' dir='ltr'><strong>aditae,</strong></span> <span class='ocrx_word' id='word_1_220' title='bbox 772 2467 856 2548; x_wconf 83' lang='lat' dir='ltr'><strong>quod</strong></span> <span class='ocrx_word' id='word_1_221' title='bbox 873 2470 976 2529; x_wconf 77' lang='lat' dir='ltr'><strong>referri</strong></span> <span class='ocrx_word' id='word_1_222' title='bbox 995 2478 1095 2548; x_wconf 86' lang='lat' dir='ltr'><strong>potest</strong></span> <span class='ocrx_word' id='word_1_223' title='bbox 1115 2470 1154 2529; x_wconf 87' lang='lat' dir='ltr'><strong>ad</strong></span> <span class='ocrx_word' id='word_1_224' title='bbox 1166 2490 1265 2531; x_wconf 85' lang='lat' dir='ltr'><strong>morae</strong></span> 
     </span>
     <span class='ocr_line' id='line_1_26' title="bbox 168 2549 1265 2635; baseline -0.001 -20"><span class='ocrx_word' id='word_1_225' title='bbox 168 2554 203 2615; x_wconf 84' lang='lat' dir='ltr'><strong>iu</strong></span> <span class='ocrx_word' id='word_1_226' title='bbox 213 2552 360 2615; x_wconf 85' lang='lat' dir='ltr'><strong>vestibulo</strong></span> <span class='ocrx_word' id='word_1_227' title='bbox 371 2549 567 2613; x_wconf 85' lang='lat' dir='ltr'><strong>haerentium.</strong></span> <span class='ocrx_word' id='word_1_228' title='bbox 609 2552 699 2631; x_wconf 88' lang='lat' dir='ltr'><strong>paulo</strong></span> <span class='ocrx_word' id='word_1_229' title='bbox 712 2560 781 2632; x_wconf 88' lang='lat' dir='ltr'><strong>post</strong></span> <span class='ocrx_word' id='word_1_230' title='bbox 792 2552 869 2611; x_wconf 90' lang='lat' dir='ltr'><strong>idem</strong></span> <span class='ocrx_word' id='word_1_231' title='bbox 884 2564 1029 2614; x_wconf 90' lang='lat' dir='ltr'><strong>memorat</strong></span> <span class='ocrx_word' id='word_1_232' title='bbox 1040 2558 1179 2634; x_wconf 84' lang='lat' dir='ltr'><strong>suspirio</strong></span> <span class='ocrx_word' id='word_1_233' title='bbox 1187 2576 1265 2635; x_wconf 75' lang='lat' dir='ltr'><strong>pon-</strong></span> 
     </span>
     <span class='ocr_line' id='line_1_27' title="bbox 169 2636 1265 2719; baseline 0.002 -20"><span class='ocrx_word' id='word_1_234' title='bbox 169 2650 291 2713; x_wconf 84' lang='lat' dir='ltr'><strong>taruns,</strong></span> <span class='ocrx_word' id='word_1_235' title='bbox 310 2638 396 2698; x_wconf 81' lang='lat' dir='ltr'><strong>iuxta</strong></span> <span class='ocrx_word' id='word_1_236' title='bbox 412 2636 569 2697; x_wconf 87' lang='lat' dir='ltr'><strong>lectionem</strong></span> <span class='ocrx_word' id='word_1_237' title='bbox 586 2636 741 2696; x_wconf 88' lang='lat' dir='ltr'><strong>cuiusdam</strong></span> <span class='ocrx_word' id='word_1_238' title='bbox 765 2638 875 2699; x_wconf 87' lang='lat' dir='ltr'><strong>codicis</strong></span> <span class='ocrx_word' id='word_1_239' title='bbox 896 2660 957 2699; x_wconf 90' lang='lat' dir='ltr'><strong>nou</strong></span> <span class='ocrx_word' id='word_1_240' title='bbox 975 2658 1185 2719; x_wconf 77' lang='lat' dir='ltr'><strong>usquequaque</strong></span> <span class='ocrx_word' id='word_1_241' title='bbox 1198 2642 1265 2701; x_wconf 86' lang='lat' dir='ltr'><strong>sor-</strong></span> 
     </span>
     <span class='ocr_line' id='line_1_28' title="bbox 169 2720 1265 2807; baseline -0.001 -22"><span class='ocrx_word' id='word_1_242' title='bbox 169 2723 257 2785; x_wconf 84' lang='lat' dir='ltr'><strong>tsssis</strong></span> <span class='ocrx_word' id='word_1_243' title='bbox 270 2722 510 2803; x_wconf 87' lang='lat' dir='ltr'><strong>improbabilem,</strong></span> <span class='ocrx_word' id='word_1_244' title='bbox 531 2723 586 2781; x_wconf 91' lang='lat' dir='ltr'><strong>etsi</strong></span> <span class='ocrx_word' id='word_1_245' title='bbox 602 2722 711 2781; x_wconf 87' lang='lat' dir='ltr'><strong>merito</strong></span> <span class='ocrx_word' id='word_1_246' title='bbox 733 2720 791 2783; x_wconf 83' lang='lat' dir='ltr'><strong>viri</strong></span> <span class='ocrx_word' id='word_1_247' title='bbox 811 2723 899 2792; x_wconf 72' lang='lat' dir='ltr'><strong>docti,</strong></span> <span class='ocrx_word' id='word_1_248' title='bbox 912 2722 1108 2805; x_wconf 80' lang='lat' dir='ltr'><strong>praetulerint</strong></span> <span class='ocrx_word' id='word_1_249' title='bbox 1126 2728 1265 2807; x_wconf 79' lang='lat' dir='ltr'><strong>suspiria</strong></span> 
     </span>
     <span class='ocr_line' id='line_1_29' title="bbox 168 2806 1263 2891; baseline 0.004 -24"><span class='ocrx_word' id='word_1_250' title='bbox 168 2820 366 2889; x_wconf 79' lang='lat' dir='ltr'><strong>epsptnrumr</strong></span> <span class='ocrx_word' id='word_1_251' title='bbox 386 2827 456 2886; x_wconf 83' lang='lat' dir='ltr'><strong>nam</strong></span> <span class='ocrx_word' id='word_1_252' title='bbox 470 2806 566 2868; x_wconf 83' lang='lat' dir='ltr'><strong>videri</strong></span> <span class='ocrx_word' id='word_1_253' title='bbox 580 2806 679 2884; x_wconf 90' lang='lat' dir='ltr'><strong>potuit</strong></span> <span class='ocrx_word' id='word_1_254' title='bbox 693 2806 768 2868; x_wconf 85' lang='lat' dir='ltr'><strong>velle</strong></span> <span class='ocrx_word' id='word_1_255' title='bbox 787 2814 893 2869; x_wconf 85' lang='lat' dir='ltr'><strong>auctor</strong></span> <span class='ocrx_word' id='word_1_256' title='bbox 912 2809 1077 2891; x_wconf 82' lang='lat' dir='ltr'><strong>exprimere</strong></span> <span class='ocrx_word' id='word_1_257' title='bbox 1092 2829 1263 2890; x_wconf 87' lang='lat' dir='ltr'><strong>suspensam</strong></span> 
     </span>
     <span class='ocr_line' id='line_1_30' title="bbox 168 2889 1263 2976; baseline 0 -23"><span class='ocrx_word' id='word_1_258' title='bbox 168 2892 404 2973; x_wconf 86' lang='lat' dir='ltr'><strong>inquietudinem</strong></span> <span class='ocrx_word' id='word_1_259' title='bbox 421 2892 641 2972; x_wconf 74' lang='lat' dir='ltr'><strong>expectantium</strong></span> <span class='ocrx_word' id='word_1_260' title='bbox 659 2889 698 2949; x_wconf 86' lang='lat' dir='ltr'><strong>ad</strong></span> <span class='ocrx_word' id='word_1_261' title='bbox 716 2898 819 2971; x_wconf 89' lang='lat' dir='ltr'><strong>portas</strong></span> <span class='ocrx_word' id='word_1_262' title='bbox 834 2900 865 2953; x_wconf 90' lang='lat' dir='ltr'><strong>et</strong></span> <span class='ocrx_word' id='word_1_263' title='bbox 879 2892 919 2954; x_wconf 86' lang='lat' dir='ltr'><strong>ad</strong></span> <span class='ocrx_word' id='word_1_264' title='bbox 937 2903 1070 2973; x_wconf 87' lang='lat' dir='ltr'><strong>optatam</strong></span> <span class='ocrx_word' id='word_1_265' title='bbox 1086 2913 1189 2955; x_wconf 86' lang='lat' dir='ltr'><strong>eorum</strong></span> <span class='ocrx_word' id='word_1_266' title='bbox 1207 2915 1263 2976; x_wconf 87' lang='lat' dir='ltr'><strong>pa-.</strong></span> 
     </span>
     <span class='ocr_line' id='line_1_31' title="bbox 168 2974 1265 3061; baseline 0.003 -24"><span class='ocrx_word' id='word_1_267' title='bbox 168 2975 359 3039; x_wconf 81' lang='lat' dir='ltr'><strong>¹telactioneur</strong></span> <span class='ocrx_word' id='word_1_268' title='bbox 379 2977 600 3057; x_wconf 86' lang='lat' dir='ltr'><strong>suspirantium.</strong></span> <span class='ocrx_word' id='word_1_269' title='bbox 642 2974 784 3036; x_wconf 84' lang='lat' dir='ltr'><strong>admonet</strong></span> <span class='ocrx_word' id='word_1_270' title='bbox 801 2985 915 3054; x_wconf 87' lang='lat' dir='ltr'><strong>autem,</strong></span> <span class='ocrx_word' id='word_1_271' title='bbox 937 2988 1104 3059; x_wconf 86' lang='lat' dir='ltr'><strong>opportune</strong></span> <span class='ocrx_word' id='word_1_272' title='bbox 1124 2980 1163 3039; x_wconf 86' lang='lat' dir='ltr'><strong>ad</strong></span> <span class='ocrx_word' id='word_1_273' title='bbox 1182 2978 1265 3061; x_wconf 86' lang='lat' dir='ltr'><strong>quod</strong></span> 
     </span>
     <span class='ocr_line' id='line_1_32' title="bbox 169 3062 1263 3143; baseline 0.002 -20"><span class='ocrx_word' id='word_1_274' title='bbox 169 3063 310 3139; x_wconf 74' lang='lat' dir='ltr'><strong>dicisum,</strong></span> <span class='ocrx_word' id='word_1_275' title='bbox 336 3072 435 3122; x_wconf 86' lang='lat' dir='ltr'><strong>noster</strong></span> <span class='ocrx_word' id='word_1_276' title='bbox 458 3062 666 3143; x_wconf 86' lang='lat' dir='ltr'><strong>imperatorem</strong></span> <span class='ocrx_word' id='word_1_277' title='bbox 694 3062 836 3141; x_wconf 82' lang='lat' dir='ltr'><strong>peculiari</strong></span> <span class='ocrx_word' id='word_1_278' title='bbox 855 3062 956 3125; x_wconf 88' lang='lat' dir='ltr'><strong>studio</strong></span> <span class='ocrx_word' id='word_1_279' title='bbox 980 3084 1097 3124; x_wconf 87' lang='lat' dir='ltr'><strong>curasse</strong></span> <span class='ocrx_word' id='word_1_280' title='bbox 1115 3074 1263 3143; x_wconf 86' lang='lat' dir='ltr'><strong>utquam</strong></span> 
     </span>
     <span class='ocr_line' id='line_1_33' title="bbox 169 3145 1261 3225; baseline 0.002 -18"><span class='ocrx_word' id='word_1_281' title='bbox 169 3150 297 3207; x_wconf 75' lang='lat' dir='ltr'><strong>maxime</strong></span> <span class='ocrx_word' id='word_1_282' title='bbox 314 3155 437 3225; x_wconf 86' lang='lat' dir='ltr'><strong>augusta</strong></span> <span class='ocrx_word' id='word_1_283' title='bbox 453 3155 613 3223; x_wconf 90' lang='lat' dir='ltr'><strong>sanctaque</strong></span> <span class='ocrx_word' id='word_1_284' title='bbox 627 3145 702 3204; x_wconf 89' lang='lat' dir='ltr'><strong>haec</strong></span> <span class='ocrx_word' id='word_1_285' title='bbox 717 3146 883 3207; x_wconf 85' lang='lat' dir='ltr'><strong>ceremonia</strong></span> <span class='ocrx_word' id='word_1_286' title='bbox 897 3148 944 3209; x_wconf 89' lang='lat' dir='ltr'><strong>sui</strong></span> <span class='ocrx_word' id='word_1_287' title='bbox 960 3150 1096 3209; x_wconf 83' lang='lat' dir='ltr'><strong>solemnis</strong></span> <span class='ocrx_word' id='word_1_288' title='bbox 1111 3150 1142 3207; x_wconf 90' lang='lat' dir='ltr'><strong>in</strong></span> <span class='ocrx_word' id='word_1_289' title='bbox 1155 3148 1261 3209; x_wconf 87' lang='lat' dir='ltr'><strong>urbem</strong></span> 
     </span>
     <span class='ocr_line' id='line_1_34' title="bbox 168 3231 1262 3313; baseline -0.002 -18"><span class='ocrx_word' id='word_1_290' title='bbox 168 3233 279 3313; x_wconf 81' lang='lat' dir='ltr'><strong>regiam</strong></span> <span class='ocrx_word' id='word_1_291' title='bbox 290 3232 436 3309; x_wconf 82' lang='lat' dir='ltr'><strong>ingressus</strong></span> <span class='ocrx_word' id='word_1_292' title='bbox 448 3231 597 3291; x_wconf 84' lang='lat' dir='ltr'><strong>evaderet.</strong></span> <span class='ocrx_word' id='word_1_293' title='bbox 637 3250 729 3308; x_wconf 86' lang='lat' dir='ltr'><strong>quam</strong></span> <span class='ocrx_word' id='word_1_294' title='bbox 740 3231 773 3288; x_wconf 93' lang='lat' dir='ltr'><strong>in</strong></span> <span class='ocrx_word' id='word_1_295' title='bbox 784 3250 847 3291; x_wconf 85' lang='lat' dir='ltr'><strong>rem</strong></span> <span class='ocrx_word' id='word_1_296' title='bbox 863 3233 942 3291; x_wconf 90' lang='lat' dir='ltr'><strong>inter</strong></span> <span class='ocrx_word' id='word_1_297' title='bbox 959 3242 1075 3293; x_wconf 89' lang='lat' dir='ltr'><strong>caetera</strong></span> <span class='ocrx_word' id='word_1_298' title='bbox 1088 3231 1262 3293; x_wconf 87' lang='lat' dir='ltr'><strong>diuturnam</strong></span> 
     </span>
     <span class='ocr_line' id='line_1_35' title="bbox 166 3314 1351 3394; baseline -0.001 -17"><span class='ocrx_word' id='word_1_299' title='bbox 166 3318 254 3377; x_wconf 81' lang='lat' dir='ltr'><strong>istam</strong></span> <span class='ocrx_word' id='word_1_300' title='bbox 266 3316 402 3375; x_wconf 84' lang='lat' dir='ltr'><strong>adhibuit</strong></span> <span class='ocrx_word' id='word_1_301' title='bbox 414 3336 528 3375; x_wconf 89' lang='lat' dir='ltr'><strong>moram</strong></span> <span class='ocrx_word' id='word_1_302' title='bbox 541 3321 647 3394; x_wconf 83' lang='lat' dir='ltr'><strong>portae</strong></span> <span class='ocrx_word' id='word_1_303' title='bbox 659 3314 772 3372; x_wconf 77' lang='lat' dir='ltr'><strong>sareas</strong></span> <span class='ocrx_word' id='word_1_304' title='bbox 786 3315 970 3393; x_wconf 87' lang='lat' dir='ltr'><strong>aperiendae,</strong></span> <span class='ocrx_word' id='word_1_305' title='bbox 990 3325 1058 3375; x_wconf 89' lang='lat' dir='ltr'><strong>ants</strong></span> <span class='ocrx_word' id='word_1_306' title='bbox 1071 3334 1161 3393; x_wconf 85' lang='lat' dir='ltr'><strong>quam</strong></span> <span class='ocrx_word' id='word_1_307' title='bbox 1176 3316 1262 3376; x_wconf 85' lang='lat' dir='ltr'><strong>clau·</strong></span> <span class='ocrx_word' id='word_1_308' title='bbox 1350 3336 1351 3340; x_wconf 72' lang='grc'>’</span> 
     </span>
     <span class='ocr_line' id='line_1_36' title="bbox 159 3398 1259 3482; baseline -0.002 -20"><span class='ocrx_word' id='word_1_309' title='bbox 159 3423 239 3477; x_wconf 85' lang='lat' dir='ltr'><strong>sam</strong></span> <span class='ocrx_word' id='word_1_310' title='bbox 255 3401 462 3482; x_wconf 71' lang='lat' dir='ltr'><strong>persistentem</strong></span> <span class='ocrx_word' id='word_1_311' title='bbox 489 3399 603 3477; x_wconf 85' lang='lat' dir='ltr'><strong>aliquot</strong></span> <span class='ocrx_word' id='word_1_312' title='bbox 625 3398 687 3457; x_wconf 90' lang='lat' dir='ltr'><strong>dies</strong></span> <span class='ocrx_word' id='word_1_313' title='bbox 708 3417 777 3458; x_wconf 90' lang='lat' dir='ltr'><strong>oum</strong></span> <span class='ocrx_word' id='word_1_314' title='bbox 804 3399 947 3460; x_wconf 89' lang='lat' dir='ltr'><strong>comitatu</strong></span> <span class='ocrx_word' id='word_1_315' title='bbox 967 3400 1116 3477; x_wconf 68' lang='lat' dir='ltr'><strong>substitit,</strong></span> <span class='ocrx_word' id='word_1_316' title='bbox 1141 3408 1175 3459; x_wconf 85' lang='lat' dir='ltr'><strong>et</strong></span> <span class='ocrx_word' id='word_1_317' title='bbox 1194 3401 1259 3481; x_wconf 87' lang='lat' dir='ltr'><strong>ipso</strong></span> 
     </span>
     <span class='ocr_line' id='line_1_37' title="bbox 166 3482 1259 3568; baseline -0.005 -18"><span class='ocrx_word' id='word_1_318' title='bbox 166 3485 356 3568; x_wconf 86' lang='lat' dir='ltr'><strong>triumphalis</strong></span> <span class='ocrx_word' id='word_1_319' title='bbox 373 3484 514 3545; x_wconf 81' lang='lat' dir='ltr'><strong>innoitus</strong></span> <span class='ocrx_word' id='word_1_320' title='bbox 532 3504 594 3543; x_wconf 92' lang='lat' dir='ltr'><strong>non</strong></span> <span class='ocrx_word' id='word_1_321' title='bbox 615 3492 686 3543; x_wconf 87' lang='lat' dir='ltr'><strong>anta</strong></span> <span class='ocrx_word' id='word_1_322' title='bbox 701 3482 855 3543; x_wconf 90' lang='lat' dir='ltr'><strong>meridiem</strong></span> <span class='ocrx_word' id='word_1_323' title='bbox 871 3484 962 3564; x_wconf 89' lang='lat' dir='ltr'><strong>pandi</strong></span> <span class='ocrx_word' id='word_1_324' title='bbox 983 3485 1096 3560; x_wconf 82' lang='lat' dir='ltr'><strong>voluit,</strong></span> <span class='ocrx_word' id='word_1_325' title='bbox 1117 3493 1153 3544; x_wconf 86' lang='lat' dir='ltr'><strong>ut</strong></span> <span class='ocrx_word' id='word_1_326' title='bbox 1169 3486 1259 3567; x_wconf 87' lang='lat' dir='ltr'><strong>paulo</strong></span> 
     </span>
     <span class='ocr_line' id='line_1_38' title="bbox 165 3566 1259 3655; baseline 0 -23"><span class='ocrx_word' id='word_1_327' title='bbox 165 3581 236 3655; x_wconf 88' lang='lat' dir='ltr'><strong>post</strong></span> <span class='ocrx_word' id='word_1_328' title='bbox 253 3572 374 3632; x_wconf 87' lang='lat' dir='ltr'><strong>dicitur.</strong></span> <span class='ocrx_word' id='word_1_329' title='bbox 415 3588 472 3629; x_wconf 89' lang='lat' dir='ltr'><strong>nec</strong></span> <span class='ocrx_word' id='word_1_330' title='bbox 487 3575 531 3628; x_wconf 89' lang='lat' dir='ltr'><strong>ast</strong></span> <span class='ocrx_word' id='word_1_331' title='bbox 550 3566 721 3629; x_wconf 85' lang='lat' dir='ltr'><strong>incredibile</strong></span> <span class='ocrx_word' id='word_1_332' title='bbox 730 3577 847 3628; x_wconf 87' lang='lat' dir='ltr'><strong>tantam</strong></span> <span class='ocrx_word' id='word_1_333' title='bbox 862 3588 879 3627; x_wconf 89' lang='lat' dir='ltr'><strong>a</strong></span> <span class='ocrx_word' id='word_1_334' title='bbox 892 3568 1033 3629; x_wconf 71' lang='lat' dir='ltr'><strong>Michaile</strong></span> <span class='ocrx_word' id='word_1_335' title='bbox 1044 3568 1259 3631; x_wconf 85' lang='lat' dir='ltr'><strong>solemnitatem</strong></span> 
     </span>
     <span class='ocr_line' id='line_1_39' title="bbox 165 3652 1260 3733; baseline -0.002 -16"><span class='ocrx_word' id='word_1_336' title='bbox 165 3659 199 3717; x_wconf 90' lang='lat' dir='ltr'><strong>in</strong></span> <span class='ocrx_word' id='word_1_337' title='bbox 220 3678 275 3718; x_wconf 92' lang='lat' dir='ltr'><strong>suo</strong></span> <span class='ocrx_word' id='word_1_338' title='bbox 292 3656 352 3717; x_wconf 91' lang='lat' dir='ltr'><strong>isto</strong></span> <span class='ocrx_word' id='word_1_339' title='bbox 372 3673 427 3733; x_wconf 87' lang='lat' dir='ltr'><strong>per</strong></span> <span class='ocrx_word' id='word_1_340' title='bbox 450 3662 570 3733; x_wconf 86' lang='lat' dir='ltr'><strong>portam</strong></span> <span class='ocrx_word' id='word_1_341' title='bbox 587 3652 716 3714; x_wconf 77' lang='lat' dir='ltr'><strong>Auream</strong></span> <span class='ocrx_word' id='word_1_342' title='bbox 736 3656 870 3733; x_wconf 86' lang='lat' dir='ltr'><strong>ingressu</strong></span> <span class='ocrx_word' id='word_1_343' title='bbox 889 3654 1069 3729; x_wconf 73' lang='lat' dir='ltr'><strong>adamatam,</strong></span> <span class='ocrx_word' id='word_1_344' title='bbox 1090 3654 1171 3732; x_wconf 90' lang='lat' dir='ltr'><strong>quod</strong></span> <span class='ocrx_word' id='word_1_345' title='bbox 1194 3674 1260 3715; x_wconf 89' lang='lat' dir='ltr'><strong>eam</strong></span> 
     </span>
     <span class='ocr_line' id='line_1_40' title="bbox 165 3736 1259 3820; baseline -0.003 -17"><span class='ocrx_word' id='word_1_346' title='bbox 165 3742 223 3803; x_wconf 91' lang='lat' dir='ltr'><strong>sibi</strong></span> <span class='ocrx_word' id='word_1_347' title='bbox 238 3741 339 3802; x_wconf 87' lang='lat' dir='ltr'><strong>adbuc</strong></span> <span class='ocrx_word' id='word_1_348' title='bbox 352 3739 476 3799; x_wconf 87' lang='lat' dir='ltr'><strong>lactenti</strong></span> <span class='ocrx_word' id='word_1_349' title='bbox 491 3736 674 3818; x_wconf 88' lang='lat' dir='ltr'><strong>praedictam</strong></span> <span class='ocrx_word' id='word_1_350' title='bbox 687 3738 831 3815; x_wconf 88' lang='lat' dir='ltr'><strong>audisset,</strong></span> <span class='ocrx_word' id='word_1_351' title='bbox 852 3748 994 3799; x_wconf 83' lang='lat' dir='ltr'><strong>narrante</strong></span> <span class='ocrx_word' id='word_1_352' title='bbox 1004 3740 1062 3820; x_wconf 89' lang='lat' dir='ltr'><strong>ipsi</strong></span> <span class='ocrx_word' id='word_1_353' title='bbox 1073 3739 1194 3817; x_wconf 86' lang='lat' dir='ltr'><strong>Eulogia</strong></span> <span class='ocrx_word' id='word_1_354' title='bbox 1207 3760 1259 3800; x_wconf 88' lang='lat' dir='ltr'><strong>so·</strong></span> 
     </span>
     <span class='ocr_line' id='line_1_41' title="bbox 165 3822 947 3903; baseline -0.005 -14"><span class='ocrx_word' id='word_1_355' title='bbox 165 3846 244 3890; x_wconf 84' lang='lat' dir='ltr'><strong>rore.</strong></span> <span class='ocrx_word' id='word_1_356' title='bbox 286 3826 356 3887; x_wconf 83' lang='lat' dir='ltr'><strong>vide</strong></span> <span class='ocrx_word' id='word_1_357' title='bbox 365 3844 430 3885; x_wconf 89' lang='lat' dir='ltr'><strong>rem</strong></span> <span class='ocrx_word' id='word_1_358' title='bbox 444 3822 621 3903; x_wconf 79' lang='lat' dir='ltr'><strong>descriptam</strong></span> <span class='ocrx_word' id='word_1_359' title='bbox 633 3844 722 3903; x_wconf 88' lang='lat' dir='ltr'><strong>supra</strong></span> <span class='ocrx_word' id='word_1_360' title='bbox 733 3845 763 3903; x_wconf 84' lang='lat' dir='ltr'><strong>p·</strong></span> <span class='ocrx_word' id='word_1_361' title='bbox 777 3828 839 3891; x_wconf 79' lang='lat'><strong>128</strong></span> <span class='ocrx_word' id='word_1_362' title='bbox 851 3845 881 3887; x_wconf 86' lang='lat' dir='ltr'><strong>v.</strong></span> <span class='ocrx_word' id='word_1_363' title='bbox 898 3828 947 3891; x_wconf 89' lang='lat'><strong>11.</strong></span> 
     </span>
    </p>

    <p class='ocr_par' dir='ltr' id='par_1_5' title="bbox 163 3908 1285 4427">
     <span class='ocr_line' id='line_1_42' title="bbox 249 3908 1257 3992; baseline -0.01 -15"><span class='ocrx_word' id='word_1_364' title='bbox 249 3932 280 3992; x_wconf 78' lang='lat' dir='ltr'><strong>p-</strong></span> <span class='ocrx_word' id='word_1_365' title='bbox 295 3917 355 3977; x_wconf 81' lang='lat'><strong>163</strong></span> <span class='ocrx_word' id='word_1_366' title='bbox 371 3929 402 3971; x_wconf 83' lang='lat' dir='ltr'><strong>v.</strong></span> <span class='ocrx_word' id='word_1_367' title='bbox 417 3914 448 3975; x_wconf 87' lang='lat'><strong>9.</strong></span> <span class='ocrx_word' id='word_1_368' title='bbox 488 3928 566 3989; x_wconf 82' lang='lat' dir='ltr'><strong>quoa</strong></span> <span class='ocrx_word' id='word_1_369' title='bbox 578 3908 727 3967; x_wconf 75' lang='lat' dir='ltr'><strong>allatrars&#39;</strong></span> <span class='ocrx_word' id='word_1_370' title='bbox 739 3930 808 3968; x_wconf 85' lang='lat' dir='ltr'><strong>cum</strong></span> <span class='ocrx_word' id='word_1_371' title='bbox 823 3919 1011 3989; x_wconf 80' lang='lat' dir='ltr'><strong>apparerent.</strong></span> <span class='ocrx_word' id='word_1_372' title='bbox 1052 3908 1096 3969; x_wconf 88' lang='lat' dir='ltr'><strong>sic</strong></span> <span class='ocrx_word' id='word_1_373' title='bbox 1108 3910 1257 3990; x_wconf 84' lang='lat' dir='ltr'><strong>expressi-</strong></span> 
     </span>
     <span class='ocr_line' id='line_1_43' title="bbox 164 3987 1257 4079; baseline -0.004 -21"><span class='ocrx_word' id='word_1_374' title='bbox 164 4017 234 4058; x_wconf 86' lang='lat' dir='ltr'><strong>mus</strong></span> <span class='ocrx_word' id='word_1_375' title='bbox 253 3996 335 4076; x_wconf 87' lang='lat' dir='ltr'><strong>quod</strong></span> <span class='ocrx_word' id='word_1_376' title='bbox 356 3996 468 4055; x_wconf 86' lang='lat' dir='ltr'><strong>Graece</strong></span> <span class='ocrx_word' id='word_1_377' title='bbox 484 3994 617 4068; x_wconf 73' lang='grc' dir='ltr'><strong>ἐιιαίνους</strong></span> <span class='ocrx_word' id='word_1_378' title='bbox 632 3987 665 4056; x_wconf 82' lang='lat' dir='ltr'><strong>‹i&#39;</strong></span> <span class='ocrx_word' id='word_1_379' title='bbox 677 3993 916 4075; x_wconf 67' lang='grc' dir='ltr'><strong><em>ιῖλανιτονρένους</em></strong></span> <span class='ocrx_word' id='word_1_380' title='bbox 929 4000 972 4079; x_wconf 78' lang='lat' dir='ltr'><strong>spi</strong></span> <span class='ocrx_word' id='word_1_381' title='bbox 984 3988 1105 4073; x_wconf 75' lang='grc' dir='ltr'><strong>πλήθει.</strong></span> <span class='ocrx_word' id='word_1_382' title='bbox 1149 4014 1257 4072; x_wconf 83' lang='lat' dir='ltr'><strong>quam-</strong></span> 
     </span>
     <span class='ocr_line' id='line_1_44' title="bbox 165 4076 1259 4161; baseline -0.003 -19"><span class='ocrx_word' id='word_1_383' title='bbox 165 4102 256 4161; x_wconf 88' lang='lat' dir='ltr'><strong>quam</strong></span> <span class='ocrx_word' id='word_1_384' title='bbox 269 4103 330 4142; x_wconf 92' lang='lat' dir='ltr'><strong>non</strong></span> <span class='ocrx_word' id='word_1_385' title='bbox 344 4078 495 4139; x_wconf 90' lang='lat' dir='ltr'><strong>dissimulo</strong></span> <span class='ocrx_word' id='word_1_386' title='bbox 503 4122 513 4154; x_wconf 94' lang='lat'><strong>,</strong></span> <span class='ocrx_word' id='word_1_387' title='bbox 535 4098 573 4137; x_wconf 87' lang='lat' dir='ltr'><strong>ex</strong></span> <span class='ocrx_word' id='word_1_388' title='bbox 585 4100 645 4157; x_wconf 92' lang='lat' dir='ltr'><strong>quo</strong></span> <span class='ocrx_word' id='word_1_389' title='bbox 657 4078 715 4139; x_wconf 90' lang='lat' dir='ltr'><strong>iam</strong></span> <span class='ocrx_word' id='word_1_390' title='bbox 728 4076 803 4139; x_wconf 86' lang='lat' dir='ltr'><strong>baec</strong></span> <span class='ocrx_word' id='word_1_391' title='bbox 814 4080 857 4139; x_wconf 89' lang='lat' dir='ltr'><strong>sic</strong></span> <span class='ocrx_word' id='word_1_392' title='bbox 871 4089 956 4141; x_wconf 87' lang='lat' dir='ltr'><strong>erant</strong></span> <span class='ocrx_word' id='word_1_393' title='bbox 969 4080 1066 4157; x_wconf 88' lang='lat' dir='ltr'><strong>edita,</strong></span> <span class='ocrx_word' id='word_1_394' title='bbox 1087 4080 1259 4139; x_wconf 82' lang='lat' dir='ltr'><strong>observasse</strong></span> 
     </span>
     <span class='ocr_line' id='line_1_45' title="bbox 164 4156 1258 4245; baseline -0.004 -16"><span class='ocrx_word' id='word_1_395' title='bbox 164 4186 214 4229; x_wconf 85' lang='lat' dir='ltr'><strong>ma</strong></span> <span class='ocrx_word' id='word_1_396' title='bbox 227 4168 259 4227; x_wconf 91' lang='lat' dir='ltr'><strong>in</strong></span> <span class='ocrx_word' id='word_1_397' title='bbox 272 4165 373 4225; x_wconf 89' lang='lat' dir='ltr'><strong>codice</strong></span> <span class='ocrx_word' id='word_1_398' title='bbox 385 4165 508 4240; x_wconf 86' lang='lat' dir='ltr'><strong>antiquo</strong></span> <span class='ocrx_word' id='word_1_399' title='bbox 520 4156 735 4243; x_wconf 73' lang='grc' dir='ltr'><strong>η’λαιτομὲνους</strong></span> <span class='ocrx_word' id='word_1_400' title='bbox 749 4184 805 4244; x_wconf 87' lang='lat' dir='ltr'><strong>pro</strong></span> <span class='ocrx_word' id='word_1_401' title='bbox 818 4162 1046 4245; x_wconf 71' lang='lat' dir='ltr'><strong>dlanropivovc.</strong></span> <span class='ocrx_word' id='word_1_402' title='bbox 1078 4174 1121 4223; x_wconf 85' lang='lat' dir='ltr'><strong>est</strong></span> <span class='ocrx_word' id='word_1_403' title='bbox 1136 4163 1258 4243; x_wconf 89' lang='lat' dir='ltr'><strong>quidem</strong></span> 
     </span>
     <span class='ocr_line' id='line_1_46' title="bbox 163 4248 1258 4331; baseline -0.002 -20"><span class='ocrx_word' id='word_1_404' title='bbox 163 4252 228 4311; x_wconf 89' lang='lat' dir='ltr'><strong>sine</strong></span> <span class='ocrx_word' id='word_1_405' title='bbox 250 4252 341 4311; x_wconf 88' lang='lat' dir='ltr'><strong>dubio</strong></span> <span class='ocrx_word' id='word_1_406' title='bbox 361 4248 535 4309; x_wconf 89' lang='lat' dir='ltr'><strong>mendosum</strong></span> <span class='ocrx_word' id='word_1_407' title='bbox 548 4248 624 4308; x_wconf 86' lang='lat' dir='ltr'><strong>illud</strong></span> <span class='ocrx_word' id='word_1_408' title='bbox 638 4249 833 4323; x_wconf 79' lang='lat' dir='ltr'><strong>vocabulum,</strong></span> <span class='ocrx_word' id='word_1_409' title='bbox 853 4259 889 4311; x_wconf 91' lang='lat' dir='ltr'><strong>ut</strong></span> <span class='ocrx_word' id='word_1_410' title='bbox 902 4250 943 4309; x_wconf 91' lang='lat' dir='ltr'><strong>ibi</strong></span> <span class='ocrx_word' id='word_1_411' title='bbox 956 4251 1097 4331; x_wconf 77' lang='lat' dir='ltr'><strong>scriptum</strong></span> <span class='ocrx_word' id='word_1_412' title='bbox 1110 4249 1172 4309; x_wconf 83' lang='lat' dir='ltr'><strong>vidi</strong></span> <span class='ocrx_word' id='word_1_413' title='bbox 1189 4268 1258 4317; x_wconf 85' lang='lat' dir='ltr'><strong>cum</strong></span> 
     </span>
     <span class='ocr_line' id='line_1_47' title="bbox 165 4330 1285 4427; baseline -0.004 -27"><span class='ocrx_word' id='word_1_414' title='bbox 165 4356 299 4419; x_wconf 80' lang='lat' dir='ltr'><strong>sparvo</strong></span> <span class='ocrx_word' id='word_1_415' title='bbox 317 4335 349 4397; x_wconf 90' lang='lat' dir='ltr'><strong>iu</strong></span> <span class='ocrx_word' id='word_1_416' title='bbox 367 4333 457 4396; x_wconf 84' lang='lat' dir='ltr'><strong>tertia</strong></span> <span class='ocrx_word' id='word_1_417' title='bbox 478 4332 609 4414; x_wconf 81' lang='lat' dir='ltr'><strong>syllaba,</strong></span> <span class='ocrx_word' id='word_1_418' title='bbox 635 4352 705 4395; x_wconf 88' lang='lat' dir='ltr'><strong>cum</strong></span> <span class='ocrx_word' id='word_1_419' title='bbox 731 4334 769 4396; x_wconf 87' lang='lat' dir='ltr'><strong>ab</strong></span> <span class='ocrx_word' id='word_1_420' title='bbox 792 4331 919 4401; x_wconf 76' lang='lat' dir='ltr'><strong>liureio</strong></span> <span class='ocrx_word' id='word_1_421' title='bbox 936 4330 1160 4418; x_wconf 69' lang='grc' dir='ltr'><strong>ἠλαττωμένους</strong></span> <span class='ocrx_word' id='word_1_422' title='bbox 1177 4334 1259 4396; x_wconf 87' lang='lat' dir='ltr'><strong>flecti</strong></span> <span class='ocrx_word' id='word_1_423' title='bbox 1281 4420 1285 4427; x_wconf 31' lang='grc' dir='ltr'>Ι</span> 
     </span>
    </p>
   </div>
   <div class='ocr_carea' id='block_1_3' title="bbox 0 0 1554 4850">
    <p class='ocr_par' dir='ltr' id='par_1_6' title="bbox 0 0 1554 4850">
     <span class='ocr_line' id='line_1_48' title="bbox 0 0 1554 4850; baseline 0 5"><span class='ocrx_word' id='word_1_424' title='bbox 0 0 1554 4850; x_wconf 95' lang='lat' dir='ltr'><strong> </strong></span> 
     </span>
    </p>
   </div>
  </div>
 </body>
</html>
