3100 4850
253 388 290 434 rr
546 365 583 434 Ρ.
606 363 771 434 Ρο581Ν1
794 362 1035 437 DEDICATIO.

253 527 325 611 luit,
354 527 469 595 omisso
497 528 608 596 edenffi
633 528 830 616 vertendique
850 530 968 612 officio,
994 531 1179 608 lemmatum
1194 551 1231 593 ac
1251 529 1353 595 titulo-

252 653 321 697 rum
349 631 549 719 exscriptione
576 633 658 696 facili
684 630 839 712 defungi?
881 631 1033 717 aliquanto
1053 635 1122 717 plus
1142 631 1284 696 sacerdos
1303 636 1353 696 fe·

255 733 308 813 cit,
337 731 553 801 eruditissimus
574 732 732 811 Petavius,
753 732 806 817 qui
828 752 887 817 qua
907 732 958 796 ria
978 743 1117 797 veterum
1137 746 1353 796 monumento-

252 855 322 899 rum
342 834 568 899 scrutandorum
588 833 806 913 descendebat,
825 836 904 896 forte
921 845 1025 898 nauus
1041 836 1246 898 narrationum
1265 856 1353 897 mea-

253 956 322 998 rum
344 937 515 1016 fragrnenta
529 940 691 1015 nonnulla,
719 935 818 1022 quab‘a
837 936 994 1002 invenerat
1020 934 1115 1000 edidit
1134 934 1352 1000 Parisiensibus

253 1037 341 1122 typis
384 1059 491 1102 verum
518 1049 549 1102 et
575 1039 643 1125 ipse
668 1038 856 1126 praeterivit,
886 1037 994 1102 merito
1016 1036 1182 1103 detrectans
1205 1039 1352 1124 interpre-

252 1135 336 1200 tandi
356 1159 498 1225 operam,
528 1139 562 1202 in
581 1152 645 1204 tam
666 1151 820 1226 corrupto,
846 1143 935 1224 quale
955 1151 1060 1204 nactus
1080 1153 1156 1218 erat,
1187 1140 1352 1225 exemplari

251 1239 353 1325 utique
374 1239 570 1326 perdendam.
612 1241 753 1328 equidem
775 1239 951 1321 (latendum
965 1242 1049 1304 enim
1062 1242 1127 1325 est)
1149 1243 1245 1329 peiori
1260 1244 1351 1322 longe

262 1358 320 1401 oco
342 1361 425 1404 eram
445 1363 538 1428 quam
557 1347 730 1409 vulneratus
751 1345 790 1407 ab
806 1331 1048 1406 Hiericunu'num
1067 1346 1124 1407 iter
1143 1345 1351 1408 obsidentibus

252 1438 365 1506 sicaria
393 1444 507 1526 viator,
536 1445 587 1510 ille
614 1435 764 1532 siquidem
785 1457 946 1533 utcumque
967 1449 1125 1511 confossus
1145 1448 1275 1533 spirabat
1295 1445 1352 1509 ad-

251 1542 313 1605 buc
342 1553 460 1627 tamen,
492 1567 550 1630 ego
579 1547 712 1612 animam
739 1549 952 1613 exhalaveram
973 1569 1063 1613 sensu
1083 1550 1172 1635 plane
1194 1569 1295 1612 cassus
1315 1568 1351 1610 ac

251 1643 374 1729 spiritu,
413 1668 477 1712 non
509 1649 609 1715 minus
642 1671 734 1737 quam
761 1649 814 1713 ille
840 1662 1027 1714 memoratus
1050 1650 1083 1714 in
1107 1651 1191 1715 libris
1219 1649 1351 1732 Regum,

252 1765 344 1830 quem
365 1747 416 1832 qui
442 1751 593 1818 humeturi
624 1753 772 1831 exierant,
802 1751 978 1816 instantium
1005 1755 1240 1817 ltttrunculorum
1267 1764 1352 1816 metu

250 1848 426 1914 festinantes
452 1851 485 1912 in
511 1856 683 1939 sepulcrum
709 1853 822 1918 Elisaei
848 1855 1054 1931 coniecerunt,
1088 1877 1157 1919 casu
1177 1857 1235 1942 ipsi
1255 1858 1352 1919 fortu-

251 1959 340 2017 nstn:
366 1953 479 2016 etenim
500 1966 642 2039 connata·
658 1957 781 2026 ossium
794 1959 961 2040 prophetae
980 1957 1089 2021 revixit
1108 1970 1254 2022 mortuus.
1297 1977 1353 2043 par

250 2049 328 2114 mihi
348 2053 534 2124 felicitae:
555 2051 604 2108 1'0
624 2050 761 2128 contigit·
804 2075 841 2117 os
860 2068 948 2122 tuum
968 2071 1000 2124 et
1021 2083 1089 2125 caro
1110 2073 1178 2139 tua,
1205 2059 1353 2122 Eminen-

249 2150 382 2214 tiasimns
403 2145 600 2208 Francucus
623 2145 788 2210 cardinatis
808 2147 1037 2225 llanaramns,
1059 2171 1112 2211 me
1133 2163 1353 2221 conclamatum

250 2248 425 2334 depositum
446 2246 619 2310 exanimem
639 2245 785 2326 colligens
805 2247 914 2309 tollens
940 2250 1140 2332 amplectens,
1169 2253 1294 2317 tandem
1320 2267 1353 2319 ut

250 2349 389 2416 viverem
410 2348 523 2431 effecit,
551 2349 611 2414 tuis
635 2349 748 2414 scilicet
768 2348 931 2413 obsecutus
951 2349 1032 2412 votis
1055 2361 1086 2412 et
1106 2351 1272 2420 mandatis:
1302 2355 1353 2420 Tu

133 2457 143 2470 ’
251 2450 334 2516 enim
367 2454 540 2539 exemplum
567 2454 630 2517 mei
657 2452 757 2551 operis
788 2452 939 2533 integrum
966 2454 1142 2517 accersitum
1169 2477 1188 2519 e
1218 2457 1353 2543 quodam

250 2550 363 2635 angulo
392 2550 535 2617 Graeciae
562 2554 641 2619 illius
668 2552 742 2618 fidei
768 2554 877 2620 vivens
907 2554 1116 2635 commiseras,
1152 2558 1276 2622 hortans
1304 2560 1355 2623 in-

251 2666 392 2739 stansque
411 2665 445 2716 ut
465 2650 618 2719 edendum
640 2656 800 2743 aliquando
823 2667 945 2722 curaret
976 2655 1010 2718 in
1030 2656 1091 2718 hoc
1111 2658 1162 2720 ille
1182 2660 1257 2721 nulli
1277 2682 1354 2746 ope-

251 2778 304 2821 rae
325 2758 509 2821 contentioni
523 2757 656 2843 sumptui
670 2760 813 2847 pepercit.
843 2760 926 2822 misit
947 2757 1008 2839 egit
1028 2758 1127 2822 movit
1146 2762 1240 2821 multa
1259 2761 1354 2843 longo

251 2869 407 2946 tempore,
434 2858 536 2945 quoad
562 2860 788 2943 longanimitate
808 2872 897 2947 atque
918 2859 1033 2922 efficaci
1053 2865 1274 2945 perseverantia
1293 2869 1355 2930 ob-

252 2961 373 3027 staculis
397 2963 544 3049 perruptis
573 2964 667 3049 optati
689 2984 833 3050 compos,
863 2962 941 3024 mibi
961 2958 1102 3025 derelicto
1124 2976 1212 3049 atque
1232 2967 1356 3032 abiecto

249 3084 340 3130 verus
368 3064 521 3131 beneficus
550 3064 754 3131 Samaritanus
782 3063 945 3151 sospitator
964 3064 1070 3127 extitit.
1110 3065 1161 3129 ille
1181 3070 1278 3132 humo
1298 3092 1358 3148 me

167 3231 174 3244 ,
251 3167 403 3231 sublatum
431 3189 466 3229 ac
489 3168 629 3254 pulvere,
656 3168 706 3233 isti
726 3188 745 3229 a
765 3187 826 3252 quo
848 3188 918 3229 sum
938 3165 1081 3229 latinitate
1103 3166 1230 3234 donatus
1257 3173 1356 3239 inter-

251 3268 330 3355 preti
350 3270 432 3333 velut
452 3268 613 3333 stabulario
635 3268 898 3344 commendatum,
920 3264 1049 3332 denariis
1062 3273 1157 3333 multo
1171 3275 1356 3359 ultraquam

254 3368 373 3436 duobus
390 3370 595 3458 descriptionis
617 3383 647 3435 et
668 3371 838 3435 excusionis
859 3373 897 3433 ab
919 3372 1152 3436 amanuensibus
1173 3395 1208 3439 ac
1229 3376 1356 3441 chalon-

254 3473 375 3557 graphis
395 3474 562 3537 necessaria
584 3474 661 3536 milti
681 3470 835 3553 vulgando
858 3494 950 3560 opera
970 3472 1143 3562 redempta,
1163 3486 1228 3538 tum
1251 3490 1355 3542 caete-

253 3574 295 3637 ris
317 3574 457 3637 omnibus
478 3574 509 3637 in
531 3578 630 3638 lucem
651 3573 825 3656 emergendi
845 3573 987 3641 subsidiis
1006 3600 1069 3639 non
1089 3578 1232 3640 munifice
1249 3584 1354 3644 solum

252 3668 311 3740 sed
331 3675 490 3756 magnifice
513 3676 603 3740 etiam
623 3677 813 3756 instructum,
841 3676 873 3739 in
900 3678 980 3740 hunc
1006 3680 1152 3742 literariae
1174 3678 1352 3744 celebritatis

252 3778 413 3843 meridiem
444 3780 581 3864 protulit,
611 3780 663 3841 ubi
684 3802 753 3843 mea
773 3780 913 3859 historia,
942 3791 1083 3866 tanquam
1103 3782 1154 3843 illa
1175 3778 1352 3845 Memnonis

252 3890 366 3961 statua,
391 3880 501 3944 insueti
528 3881 587 3943 sibi
606 3883 680 3944 solis
704 3902 845 3967 percussa
865 3900 946 3943 nunc
967 3882 1099 3967 primurn
1119 3879 1225 3960 radiis,
1247 3900 1352 3944 erum-

253 3982 357 4071 patin
377 4004 470 4048 voces
490 3980 659 4047 immortale
680 3982 783 4046 Tuum
803 4004 838 4045 ac
858 3980 1009 4062 Tuorum,
1031 3983 1246 4047 Srrcrrssmn
1263 3983 1353 4048 Poa-

255 4106 365 4163 ruer,
386 4085 418 4149 in
438 4108 489 4153 me
509 4108 545 4153 nc
565 4108 631 4153 rem
650 4086 811 4151 literarium
838 4082 980 4151 meritum
1000 4088 1073 4153 orbe
1093 4088 1153 4149 late
1173 4093 1242 4153 toto
1262 4103 1353 4173 prae-

254 4181 411 4255 dicaturas.

710 4356 915 4369 ...ιι-ι·-
