3100 4850
260 343 310 390 ιιι
560 327 595 393 Ρ.
619 327 785 401 roseml
808 329 1051 404 PRAEFATIO.

257 487 321 557 suis
342 489 527 573 commodis,
557 503 588 558 et
608 503 767 560 vereantur
786 495 820 560 id
840 496 984 564 damnare
1004 496 1101 576 unde,
1127 499 1186 577 niti
1213 501 1356 568 dissimu-

257 596 329 673 lant,
351 615 385 658 se
403 616 523 682 quoque
542 594 625 682 ipsos
641 598 737 664 iurari
751 598 892 671 sentiunt.
921 621 978 664 nec
998 621 1038 664 eo
1057 612 1161 666 tamen
1180 605 1257 668 haec
1277 607 1356 672 trahi

257 695 351 760 velim
372 698 457 781 quasi
476 698 615 785 nuspiam
635 699 800 765 offendisse
819 723 871 766 me
893 713 1063 783 arroganter
1083 723 1278 786 asseverem,
1301 719 1356 772 aut

256 799 309 862 ubi
329 801 506 878 meruerim,
534 801 646 890 culpari
666 805 807 871 abnuam.
851 826 948 867 unum
968 802 1129 890 deprecor,
1150 829 1190 870 ne
1210 806 1356 873 iudicium

253 903 481 988 praecipitetur,
506 915 588 970 n'eve
609 901 649 968 ad
670 905 801 992 primam
821 907 911 972 naari
930 905 1064 992 speciem
1083 929 1157 970 veru
1178 929 1214 970 ac
1233 909 1355 988 nigrum

254 1003 337 1067 theta
366 1008 507 1089 plagosus
531 1028 638 1070 censor
658 1006 810 1092 expediat
853 1027 1034 1088 cognoscere
1054 1009 1135 1094 prius
1155 1033 1196 1074 ne
1216 1023 1354 1092 gravetur

253 1101 286 1166 in
308 1101 460 1170 Glossario
481 1115 512 1170 et
530 1107 633 1188 Notis,
662 1129 741 1194 quae
761 1133 813 1174 me
840 1109 880 1172 ad
899 1109 943 1174 sic
963 1108 1219 1196 interpretandum
1246 1134 1354 1177 causae

251 1203 432 1292 impulerint.
474 1211 525 1273 vel
545 1213 698 1292 absolvet,
725 1215 778 1274 vel
797 1213 947 1294 ignoscet,
968 1214 1019 1274 vel
1039 1213 1141 1278 mitius
1161 1217 1240 1277 forte
1262 1213 1354 1280 casti-

253 1309 336 1388 gabit
361 1322 520 1398 perspecto
549 1311 622 1399 quid
649 1313 681 1375 in
708 1331 742 1376 ro
764 1312 813 1377 sit.
856 1314 1038 1400 typographi
1058 1315 1170 1378 menda
1191 1336 1229 1378 ne
1249 1313 1353 1402 impu-

250 1417 351 1472 tentur
378 1411 455 1474 mihi
486 1435 538 1478 cur
565 1417 733 1502 postulem,
760 1411 843 1500 quod
863 1415 928 1502 ipsa
950 1420 1027 1480 ultro
1051 1418 1183 1503 aequitas
1205 1415 1352 1497 largitur?

249 1531 291 1571 ne
318 1512 413 1574 multa
434 1517 595 1604 graviaque
615 1517 846 1595 intervenirent,
879 1539 948 1580 cura
969 1529 1015 1581 est
1036 1539 1098 1581 non
1118 1516 1263 1581 mediocri
1285 1539 1352 1581 cer-

248 1620 361 1674 tatum:
392 1636 431 1678 ne
460 1621 520 1683 ulla
546 1621 598 1689 vol
624 1621 704 1687 levia
724 1618 888 1705 irreperent
907 1617 1002 1684 vitare
1021 1621 1097 1684 ultra
1115 1622 1284 1682 humanam
1302 1620 1351 1679 fa-

252 1715 393 1778 cultatem
418 1715 484 1784 luit.
527 1718 621 1784 index
649 1721 878 1808 praecipuorum
904 1744 1055 1808 appensus
1083 1721 1125 1785 ad
1150 1725 1262 1784 calcem
1281 1718 1351 1784 Ob-

249 1817 456 1883 servationum
477 1833 537 1902 est,
567 1823 651 1910 cuiue
673 1823 830 1887 admonitu
852 1846 946 1888 manu
966 1824 1090 1888 adiuvet
1110 1822 1161 1911 qui
1180 1821 1350 1900 adverterit,

249 1927 281 1980 et
299 1921 448 1986 benefacti
468 1925 571 1987 locum
590 1939 726 2004 occupet⁴
769 1927 999 2007 chronologicas
1018 1925 1235 1991 controversias
1257 1925 1350 2005 (nam

247 2032 333 2082 erant
353 2034 383 2082 et
402 2025 454 2086 hir
474 2023 550 2082 nodi
571 2019 635 2083 elus
657 2020 775 2100 generis
803 2021 887 2106 digni
913 2029 1055 2109 vindice)
1083 2029 1115 2091 in
1140 2028 1251 2090 librum
1276 2045 1350 2110 pro-

246 2121 346 2206 prium
366 2120 576 2206 seposuimus,
607 2118 655 2178 cui
682 2115 859 2197 ἐπίμετρον
882 2131 1084 2202 superiectmn
1104 2141 1151 2183 arr
1171 2125 1349 2208 Specimen

244 2219 436 2306 «sapientiae
456 2215 625 2280 Indorum
644 2225 798 2279 veterum
817 2213 869 2296 l¹).
918 2218 995 2279 liber
1013 2219 1101 2279 tertio
1122 2221 1349 2281 succedentium

244 2320 378 2384 invicem
398 2317 629 2383 translationum
656 2315 750 2398 g'radu
772 2337 812 2378 ex
830 2313 936 2380 Indico
960 2316 1081 2381 Persico
1103 2316 1229 2380 Arabico
1253 2315 1348 2381 Grae-

244 2444 296 2487 cus
325 2424 435 2502 factus,
464 2434 494 2487 et
513 2421 597 2487 velut
617 2432 687 2487 tunc
707 2419 883 2496 notissimus
908 2417 1186 2506 Constantinopoli,
1220 2421 1258 2483 ab
1285 2420 1346 2483 im·

243 2539 381 2613 peratore
405 2527 449 2589 ibi
470 2523 550 2612 apud
570 2525 651 2587 hunc
677 2535 815 2587 nostrum
843 2524 1041 2587 concionante
1067 2520 1223 2601 laudatus,
1251 2544 1345 2607 quae-

242 2626 331 2693 rendi
350 2627 398 2691 eui
418 2625 627 2692 necessitatem
655 2626 800 2713 imposuit
821 2623 907 2688 haud
926 2627 1012 2689 aliter
1029 2624 1221 2691 intellecturis
1240 2626 1345 2688 locum

241 2730 276 2794 in
296 2752 356 2816 quo
376 2739 571 2791 memoratur.
612 2726 753 2793 inventus
772 2728 806 2791 in
826 2728 977 2815 locuplete
996 2727 1100 2789 talium
1118 2747 1217 2813 penu,
1234 2746 1343 2791 museo

242 2829 439 2897 illustrissimi
464 2830 579 2911 altarii,
602 2829 668 2895 eius
696 2830 827 2913 benigna
848 2830 942 2913 gratia
962 2829 1046 2893 visus
1066 2850 1085 2891 a
1104 2849 1156 2893 me
1176 2828 1342 2915 Latineque

242 2931 396 3013 redditus,
431 2930 567 2995 eiusdem
598 2930 711 2995 iudicio
738 2942 769 2995 et
794 2932 914 2995 hortatu
944 2928 1041 2997 editus
1067 2931 1118 2993 hic
1143 2931 1259 3012 integer
1285 2941 1343 3007 est,

243 3056 307 3097 non
326 3034 503 3114 invenusta,
521 3034 563 3097 ni.
574 3036 681 3113 fallor,
702 3034 911 3123 peregrinitate
931 3034 1103 3119 placiturus.
1141 3036 1220 3100 vale.

314 3288 348 3359 *)
383 3288 449 3343 Eunt
465 3288 579 3343 libellum
599 3288 781 3363 (Hitopadera
795 3289 907 3345 barbam
921 3289 1046 3359 vocator)
1069 3305 1118 3343 nec
1133 3292 1188 3344 turn
1204 3288 1286 3343 turra
1298 3289 1339 3345 in-

246 3375 372 3445 oognitum
392 3380 420 3431 at
441 3374 533 3429 ‹laintle
557 3375 678 3447 plurimu
699 3374 727 3429 in
749 3376 850 3447 lingum
874 3391 1022 3431 cervarum
1042 3374 1118 3446 vulgo
1133 3375 1186 3446 lagi
1201 3375 1341 3430 attendunt

244 3460 354 3515 careius
384 3462 567 3531 (Hitoptrrlcra
588 3480 618 3517 rr
638 3462 756 3531 aolutmy
779 3464 932 3517 iartructr'oa
953 3462 982 3514 r'rr
1005 3460 1050 3515 tto
1073 3462 1190 3531 odgini
1212 3462 1340 3528 Smerit,

241 3548 347 3617 printed
364 3555 393 3599 et
410 3551 563 3620 Scrarrporr
576 3566 604 3619 p.
616 3550 653 3607 1v
665 3556 691 3603 rt
701 3546 750 3619 x)
767 3552 796 3601 et
810 3548 918 3603 locabor
933 3547 1070 3602 Grinarim
1086 3546 1237 3619 (rtet-m
1254 3546 1339 3599 Frate

242 3650 270 3705 p.
283 3632 441 3686 ccuxxrn
453 3652 508 3706 sqq.
515 3639 540 3705 ).
573 3636 636 3691 nihil
650 3634 729 3707 igitur
746 3652 839 3689 muns
854 3641 914 3689 arat
928 3652 975 3688 cnr
990 3634 1087 3688 diutim
1102 3632 1254 3688 statuent
1268 3630 1338 3685 titre

243 3736 301 3775 curn
317 3736 365 3775 tua
382 3720 445 3775 nus
464 3722 539 3792 gravi
554 3728 609 3779 tun
625 3741 643 3781 a
657 3721 766 3779 rorum
782 3721 917 3792 benignius
932 3736 1009 3793 qnam
1026 3720 1165 3791 oportebat
1180 3722 1280 3774 omo.

699 4057 905 4073 affl
