3100 4850
439 310 520 398 ΠΒ.
545 309 604 378 111.
621 389 624 392 ,
645 308 1013 396 cnsocotoclcua
1206 311 1281 388 715

174 481 269 559 dori,
290 476 478 542 travaillud
496 485 528 538 et
544 476 665 544 minime
684 478 873 543 fortunatum
889 475 1092 560 mdiu,
1112 497 1183 550 cnm
1204 478 1283 544 dixit

173 563 198 634 d
215 563 259 650 δή
276 557 469 646 speusippe}
479 587 508 626 ss
523 569 656 644 σημεῖον.
676 559 764 654 ἥλιος
775 556 834 648 yclp
848 573 905 626 etc.

271 651 337 711 XII.
377 651 425 710 Ex
442 667 502 728 qun
522 647 652 710 duorum
672 657 844 726 auctorum,
864 669 994 729 quorum
1011 649 1132 732 eclipses
1149 650 1282 730 expuam,

175 736 219 798 ds
239 755 346 796 earnm
368 733 578 814 siguificntiona
594 734 754 810 sententis,
775 733 816 796 ed
830 734 943 805 edeam
954 735 1168 798 dissertationis
1178 736 1210 796 in
1220 755 1279 814 que
1295 742 1318 797 P
1335 741 1386 797 505

171 821 331 886 hactenus
345 816 522 879 historicum
535 827 565 878 et
577 828 781 882 astronomum
791 838 877 899 agera
887 840 937 880 me
950 822 1104 902 oportuit,
1125 839 1234 898 quaeso
1247 829 1286 884 ut

171 906 258 972 mihi
273 906 362 968 liceat
375 903 520 984 tantisper
532 922 617 982 egere
629 903 819 984 theologum,
840 914 873 965 et
895 906 973 966 eirca
984 907 1211 987 significationes
1225 905 1282 966 de-

171 991 350 1056 fectionum
373 988 530 1068 utriusque
552 988 706 1050 luminaris
720 989 843 1052 definire
857 989 1007 1068 breviter,
1029 1001 1061 1051 at
1079 991 1187 1067 solide,
1208 991 1283 1068 quid

173 1076 372 1143 Christianus
396 1070 488 1134 bomo
518 1073 625 1136 debeat
647 1083 701 1136 ent
717 1076 813 1156 possit
833 1077 883 1137 vel
902 1078 1012 1138 senum
1031 1076 1159 1156 legitime
1177 1075 1226 1135 vel
1248 1075 1283 1136 in

174 1181 275 1227 mum
292 1157 434 1226 adhibere
452 1159 515 1220 aina
534 1160 609 1220 vitio
629 1159 799 1222 timiditatis
818 1170 874 1226 aut
891 1162 953 1225 eine
965 1165 1046 1225 nc'xe
1057 1161 1283 1242 superstitiosus,

175 1265 315 1326 quorum
334 1245 462 1306 alterum
479 1243 629 1306 humanae
648 1246 835 1326 tortitudini,
858 1246 985 1310 alterum
1006 1247 1188 1310 Christianae
1207 1245 1283 1308 reli·

173 1330 264 1419 gioni
280 1337 434 1412 repugnet

270 1415 372 1475 Unum
389 1415 482 1494 igitur
499 1414 560 1476 hoc
570 1415 752 1500 pronuntio,
775 1418 902 1500 eclipses
916 1418 987 1478 solia
1002 1428 1032 1478 et
1047 1419 1135 1479 lunae
1148 1436 1211 1479 ease
1226 1415 1283 1475 de·

175 1503 283 1567 fectus
299 1499 450 1562 naturales
456 1545 465 1578 ,
486 1501 537 1562 vel
550 1502 674 1562 luminis
693 1503 726 1564 in
748 1503 815 1588 ipss
829 1507 901 1565 lnna
921 1503 955 1564 iu
970 1504 1104 1564 umbram
1117 1513 1215 1566 terrae
1228 1501 1283 1560 in·

178 1593 342 1662 currente,
362 1585 413 1650 vel
431 1584 587 1647 radiorum
604 1589 675 1648 aclis
693 1588 725 1647 in
746 1599 843 1670 terra,
870 1590 954 1651 Lnns
972 1609 1005 1650 ae
1024 1589 1104 1650 inter
1119 1599 1282 1665 utrumqne

176 1663 349 1734 iniicisnts.
390 1679 451 1732 tam
464 1672 614 1732 naturales
629 1683 727 1735 sutem
741 1683 771 1734 et
784 1673 938 1736 ordinatae
957 1685 1031 1736 snut
1056 1672 1284 1734 coniunctiones

178 1767 214 1820 et
234 1755 438 1840 oppositiones
452 1756 625 1837 eclipticas,
647 1779 737 1839 quam
760 1771 832 1820 eunt
849 1759 909 1842 ipsi
931 1767 1031 1819 motus
1048 1757 1238 1821 luminarium
1254 1763 1285 1816 et

176 1843 326 1926 syzygiae
342 1861 404 1902 non
417 1841 588 1924 eclipticas,
610 1863 699 1926 quam
712 1855 785 1906 suut
800 1845 863 1905 dies
884 1854 915 1904 at
933 1853 1052 1922 noctes,
1081 1863 1171 1924 qnam
1181 1839 1284 1901 solsti-

176 1931 228 1993 tia
249 1935 280 1988 et
301 1925 505 2007 aequinoctia,
535 1947 625 2009 quam
647 1949 762 1990 menaea
784 1940 815 1990 et
835 1929 923 1992 annis
949 1929 1082 2010 pendent
1103 1928 1182 1988 enim
1207 1924 1283 1984 baec

180 2013 287 2082 bmnia
299 2011 390 2073 simili
404 2011 495 2079 modo
510 2031 528 2072 a
546 2011 644 2093 prima
659 2014 724 2094 lege
739 2023 769 2076 et
782 2015 971 2078 ordinatione
990 2013 1154 2074 conditoria
1162 2055 1173 2088 ,
1195 2029 1285 2090 quam

183 2097 281 2160 coelis
294 2107 325 2158 et
338 2095 487 2157 sideribus
506 2098 700 2180 praescripsit
720 2099 756 2160 ab
774 2099 861 2161 initio
881 2099 1005 2159 molitor
1022 2098 1110 2176 dena,
1140 2116 1230 2177 quam
1241 2094 1286 2154 le-

181 2201 254 2264 gem
268 2191 455 2244 constantem
472 2175 687 2245 stiniiolaram
697 2205 746 2246 rea
763 2195 879 2247 mestas
893 2193 1075 2246 conservant
1084 2205 1094 2261 ;
1123 2201 1201 2262 qnae
1212 2199 1287 2240 ean-

30 2287 31 2294 *
142 2331 143 2334 ,
181 2267 219 2330 ¹sa
236 2276 281 2326 eat
293 2287 347 2328 cur
361 2267 485 2348 eclipses
498 2269 711 2350 praedicantur
722 2271 921 2332 infallibiliter
933 2291 950 2329 a
963 2269 1068 2351 peritis
1079 2287 1148 2328 cum
1159 2267 1288 2326 dmum.

182 2353 307 2414 stantiia
328 2351 542 2433 magnitudinis
565 2363 597 2415 et
617 2355 799 2434 durationis,
831 2355 934 2415 habita
959 2353 1148 2414 exactissima
1168 2350 1287 2411 ustione

181 2448 357 2520 temporum
369 2447 401 2499 et
415 2438 568 2520 locorum,
589 2440 621 2500 in
641 2441 748 2521 qualine
758 2442 830 2502 illae
842 2441 1031 2519 contingunt.
1073 2438 1188 2499 secedit
1202 2435 1287 2515 qnod

183 2542 329 2588 numerus
348 2523 507 2603 eclipsium
527 2544 652 2605 magnus
673 2526 714 2586 sit
732 2536 764 2588 et
791 2546 936 2587 occursus
957 2526 1117 2605 frequenss
1145 2532 1288 2602 quatuor,

146 2682 148 2685 Ι
182 2606 341 2669 interdum
353 2618 384 2669 et
397 2608 500 2689 plures
512 2610 712 2693 persingulas
734 2630 829 2671 annos
851 2611 946 2687 ficut,
968 2620 998 2670 et
1010 2610 1071 2670 iana
1085 2630 1104 2669 a
1116 2606 1223 2669 mundi
1234 2624 1288 2666 ex-

184 2692 275 2755 ordio
287 2694 359 2774 plus
374 2714 462 2774 quam
474 2694 598 2756 vicesies
611 2695 694 2757 mille
707 2696 863 2758 cumensi
873 2704 1009 2777 pessunt.

272 2778 381 2839 Eadem
402 2800 497 2862 porro
517 2781 724 2861 providentia,
754 2802 831 2863 quaa
857 2780 929 2842 lacit
948 2780 982 2840 in
1002 2777 1114 2841 mundo
1133 2776 1195 2837 dno
1212 2774 1289 2835 baec

181 2861 347 2925 luminaria
361 2884 483 2943 magua,
495 2865 660 2925 'luminare
677 2870 797 2944 matus,
818 2878 854 2927 ut
866 2877 1018 2947 praeesset
1034 2864 1115 2940 disi,
1141 2873 1170 2921 et
1190 2862 1288 2920 tums-

178 2968 263 3009 ποτε
276 2944 397 3029 minus‚‘
415 2961 451 3009 ut
469 2961 621 3030 praeesset
635 2955 736 3031 nomi,
763 2963 800 3013 ut
817 2953 950 3013 tacerem
962 2970 1053 3031 anper
1070 2961 1183 3012 terram
1197 2956 1225 3005 st
1236 2942 1288 3005 di-

175 3030 324 3100 sidermt
334 3034 432 3095 mecm
447 3056 469 3093 a
480 3036 609 3097 tenebris
623 3031 745 3123 (Genea.
762 3040 812 3115 1),
833 3036 937 3098 eadem
951 3036 1065 3117 pariter
1086 3054 1139 3094 sus
1152 3032 1287 3093 bonitate

178 3128 220 3179 et:
241 3118 388 3197 sapientis
408 3128 509 3179 metus
533 3138 637 3181 eorum
660 3130 693 3180 et
710 3122 921 3183 conversiones
939 3119 1090 3179 ordinavit
1107 3113 1147 3175 ad
1165 3116 1286 3175 felicem

179 3200 295 3265 usundi
317 3200 579 3280 gubernationem,
608 3202 648 3261 sd
662 3202 825 3265 electorum
848 3204 975 3263 salntem
998 3210 1029 3261 at
1048 3198 1287 3276 susmgloriam;

179 3303 247 3349 uec
262 3282 386 3346 dubium
399 3284 474 3365 quin
485 3285 566 3367 ipssa
579 3284 806 3348 coniunctiones
818 3297 850 3348 et
862 3284 1084 3367 oppositiones,
1105 3284 1177 3344 solis
1189 3290 1220 3344 et
1237 3284 1289 3343 lu-

182 3388 248 3435 nae
261 3368 396 3431 deiectus
405 3377 436 3429 et
448 3369 681 3431 illumina-tiones
688 3414 698 3447 ‚
720 3371 910 3433 constituerit
919 3371 955 3431 in
970 3388 1098 3439 numero
1110 3367 1245 3449 pondere
1257 3374 1289 3427 et

112 3464 116 3473 '
184 3474 347 3527 mansura,
370 3472 460 3533 quam
480 3454 595 3516 sciebat
614 3464 646 3517 at
662 3456 786 3521 volebat
802 3455 932 3519 bcmsuo
949 3456 1053 3535 generi
1062 3454 1103 3516 ed
1117 3453 1245 3516 wiern
1257 3460 1290 3516 st

185 3538 359 3603 felicitatem
372 3540 573 3621 profuturam.

195 3686 198 3699 ,
273 3624 356 3685 Xlll.
397 3624 445 3685 Ex
463 3623 524 3686 boc
554 3644 617 3687 uno
641 3624 838 3709 pronuntiato
871 3626 991 3687 tollitur
1019 3622 1235 3687 admirabilitas
1259 3628 1291 3681 at

188 3708 276 3788 vulgi
295 3707 418 3789 quidam
437 3718 561 3793 stupor,
590 3710 644 3791 qui
663 3712 791 3795 eclipses
813 3712 1024 3792 consequitnrs
1052 3710 1149 3773 oritur
1161 3707 1240 3769 enim
1251 3724 1293 3767 ex

188 3794 359 3874 ignorantia
372 3812 442 3855 eum
457 3796 585 3875 quadam
598 3798 733 3860 novitate
747 3798 917 3860 atrocitate
931 3795 1014 3878 spud,
1032 3814 1083 3857 eos
1099 3795 1153 3874 qui
1172 3812 1229 3855 nec
1241 3812 1292 3851 ea-

30 3947 32 3954 ,
189 3898 261 3940 rum
276 3898 380 3941 caussa
399 3878 576 3962 intelligunt
594 3902 654 3951 nec
669 3902 718 3945 eas
729 3883 848 3964 saepius
864 3882 1082 3958 observarunt,
1104 3900 1174 3941 com
1186 3886 1292 3939 eontra

70 4036 75 4047 .
190 3962 340 4043 sapientes
352 3973 384 4025 et
396 3964 478 4027 docti
494 3986 542 4029 eas
559 3968 621 4029 suia
641 3968 828 4050 temporibus
846 3967 948 4029 securi
960 3975 1136 4049 «pectem,
1156 3972 1187 4025 et
1201 3982 1292 4023 occs-

30 4052 31 4059 ’
189 4048 276 4109 sicne
289 4048 323 4107 in
334 4052 523 4113 commodum
539 4071 684 4117 conversa
700 4053 809 4115 effectu
820 4053 895 4115 bene
908 4060 1049 4129 utantur,
1072 4059 1104 4111 et
1116 4046 1292 4133 perniciem,

189 4133 217 4191 si
230 4152 290 4213 qna
303 4134 435 4196 creditur
448 4136 621 4218 imminere,
639 4149 734 4200 tctsm
749 4140 785 4201 iu
795 4138 898 4201 bootes
912 4138 1062 4199 derivant.

275 4217 325 4277 lta
335 4219 407 4283 clim
422 4222 570 4371 Sulpip'us
585 4224 707 4302 Gallus,
732 4233 768 4286 at
786 4226 924 4291 ratmunt
941 4221 1044 4287 Livius
1060 4220 1085 4281 l·
1104 4216 1148 4285 44
1162 4227 1193 4281 et
1208 4216 1289 4279 Plut.

189 4300 224 4363 in
238 4301 331 4367 Paulo
347 4304 492 4389 tammo,
535 4330 552 4373 a
564 4308 675 4393 insigni
689 4308 857 4373 delectione
866 4309 976 4388 lunae,
997 4326 1087 4391 quem
1099 4303 1290 4389 praevideret
