3100 4850
317 283 394 356 662
620 279 856 352 OBSERVAT.
881 279 1115 352 mentetua.

316 465 390 509 susc
407 443 637 527 praetendobat,
662 445 748 508 hanc
764 455 952 528 pristinum
976 448 1020 508 sic
1040 443 1218 528 paulopost
1238 439 1377 503 submonet.

312 535 510 615 persuasioni
525 535 603 592 enim
617 544 691 592 tuae
704 536 738 592 in
758 535 846 592 nullo
858 535 984 614 penitus
1004 531 1197 614 ruffi-agatur
1212 523 1378 608 quorundam

317 621 526 698 episcoporum
540 628 611 678 onte
628 622 804 699 sexaginta,
826 629 860 678 ut
874 621 992 692 iactas,
1013 637 1110 676 annos
1119 617 1211 692 facta
1228 612 1378 690 subscriptio

314 723 533 782 nunquamque
548 724 570 762 a
580 702 863 781 praedecessoribus
876 707 942 762 tuis
954 701 999 764 ad
1012 701 1197 783 apostolicae
1212 696 1286 756 eedie
1295 708 1378 754 vau-

317 791 414 848 misca
427 789 586 866 notitiam,
608 793 661 848 cui
675 789 715 848 ab
727 791 818 848 initio
832 810 907 848 cuae
919 786 1053 848 caducae
1070 785 1246 864 dudumque
1257 782 1379 860 collapsae

316 893 386 932 sera
396 894 479 932 nunc
493 881 523 931 et
539 875 666 933 inutilia
679 874 825 935 subiicere
830 877 971 952 fomenta
983 873 1127 944 voluisti,
1148 865 1284 930 eliciendo
1295 867 1378 938 asra-

317 959 419 1016 tribus
434 961 561 1038 speciem
577 961 800 1037 eunomianis,
824 981 916 1040 quarn
934 959 995 1018 tibi
1011 960 1044 1018 in
1064 976 1155 1016 suant
1168 955 1378 1014 iniuriamne·

317 1041 434 1102 cundia
446 1045 590 1124 fatigata
604 1043 767 1124 praeheret.
809 1055 878 1124 post
899 1063 974 1123 ques
988 1044 1070 1122 qussi
1085 1040 1259 1102 sententiam
1271 1052 1379 1117 pronau-

315 1127 397 1188 tisns
418 1127 552 1187 ultimam
568 1130 695 1188 stlitem
717 1130 884 1194 dcctntoric
903 1127 1028 1204 finiens,
1053 1125 1130 1187 heco
1151 1123 1245 1185 addit:
1265 1139 1379 1180 macon-

315 1213 471 1275 veliantur
482 1214 726 1292 prouincialium
746 1217 820 1274 iura
835 1217 1047 1294 primatuum,
1069 1233 1124 1272 nec
1141 1207 1306 1291 privilegiis
1317 1204 1381 1264 anti·

317 1301 425 1378 quitus
458 1301 612 1358 iristitutis
646 1301 876 1379 metropolitani
906 1296 1098 1377 fraudentur
1123 1297 1278 1356 antistita·
1320 1285 1381 1348 aiiii

315 1380 546 1444 Alexandrinae
565 1381 648 1458 sedi,
671 1405 768 1464 quam
780 1405 839 1465 per
858 1387 1004 1446 δαησίιιηι
1026 1383 1171 1443 Marcum
1197 1375 1382 1457 mancinus

315 1471 411 1528 Beati
423 1469 510 1526 Petri
524 1464 712 1549 discipulum
725 1473 854 1544 meruit,
868 1481 975 1549 pereat
989 1466 1175 1550 dignitatis3
1197 1485 1249 1524 nea
1260 1465 1381 1522 Dioscorv

316 1555 484 1633 impietatis
500 1573 577 1612 suae
592 1557 768 1633 pertinacia
787 1568 957 1629 corruente,
985 1551 1129 1635 splendor
1150 1561 1253 1610 tantae
1271 1545 1382 1604 euteria

208 1630 301 1690 Ρ464
317 1639 445 1697 tenebris
471 1637 650 1698 obscuretur
668 1641 790 1700 alienis.
837 1639 1031 1704 Antiochena
1060 1658 1182 1718 quaque
1209 1633 1337 1706 ucieeia,
1358 1629 1383 1684 io
1459 1695 1460 1702 χ

316 1744 380 1804 qua
388 1725 526 1802 primum
537 1722 736 1802 praedicante
748 1727 848 1785 Beato
860 1725 998 1805 apostolo
1014 1727 1105 1784 Petro
1125 1721 1327 1784 Christianum
1339 1731 1383 1772 nv·
1459 1713 1460 1718 ’

315 1829 384 1868 men
397 1819 532 1869 exortum
543 1817 602 1888 eet,
623 1813 656 1868 in
665 1821 815 1893 paternae
829 1811 1057 1870 constitutionis
1068 1805 1179 1870 ordine
1185 1811 1347 1888 perseveret,
1362 1803 1382 1852 d

316 1897 352 1953 in
361 1893 468 1974 gradu
480 1896 568 1953 tertio
583 1896 736 1956 collocata
748 1915 909 1978 nunquam
920 1895 1021 1974 sefiat
1034 1893 1174 1973 inferior.
1215 1909 1268 1952 nec
1288 1893 1382 1946 conten·

316 1989 365 2038 tus
380 1979 410 2037 8.
424 1979 484 2039 Leo
504 1978 602 2059 ipsum
625 1979 800 2043 Anatolium
819 1981 997 2060 redarguere
1003 2023 1012 2056 ,
1035 1978 1162 2059 scripsit
1180 1976 1220 2037 sd
1233 1971 1382 2036 naamon

317 2065 488 2141 Augustum
501 2064 648 2124 iactentur
658 2085 748 2128 orsas
760 2075 796 2126 ut
809 2065 1018 2127 sucnriutsm
1032 2082 1216 2145 operumque
1225 2079 1303 2121 cusat
1314 2055 1384 2114 inter·

317 2158 444 2230 poneret
458 2147 498 2207 sd
512 2151 713 2211 sciscendum
728 2151 902 2211 Anstolium
917 2169 955 2210 nc
966 2151 1009 2210 sic
1023 2148 1056 2208 in
1068 2148 1177 2210 illicita
1192 2143 1335 2228 prosiliret
1357 2153 1384 2194 ⁸¹

319 2235 377 2292 ists
392 2233 534 2312 epistola,
556 2254 630 2313 ques
643 2235 677 2294 in
690 2236 735 2298 ed.
746 2237 831 2296 Rom.
843 2235 885 2304 57
899 2241 1085 2307 namnetas,
1106 2251 1243 2313 quaeque
1254 2231 1283 2289 in
1294 2219 1383 2317 cynoth

319 2318 519 2380 Romanasub
532 2319 687 2381 Boniiscio
699 2321 729 2382 11
740 2320 778 2382 ab
791 2319 947 2382 Hclstcnio
965 2320 1044 2380 editu
1060 2337 1130 2400 pag.
1147 2322 1208 2383 107
1220 2323 1248 2376 et
1260 2333 1314 2392 seq.
1324 2309 1384 2386 103¹·
1462 2337 1463 2342 ¹

318 2411 385 2480 tur,
407 2402 481 2466 hoco
497 2414 582 2467 suatc
611 2403 700 2488 apud
721 2406 936 2468 Christianum
956 2417 984 2465 et
1003 2426 1070 2465 uere
1095 2404 1273 2485 religiosum
1290 2409 1384 2473 reteqffl

317 2486 521 2549 orthodoxum
527 2494 698 2573 prinoipem
712 2493 828 2575 loquor.
857 2492 987 2553 multum
997 2488 1170 2553 Anatolius
1182 2490 1384 2569 epuapuprr

313 2576 387 2655 prio
407 2573 543 2638 detracti
560 2580 685 2658 meritc,
706 2580 737 2637 si
756 2579 868 2637 illicito
887 2596 1014 2639 creseere
1034 2585 1123 2655 optat
1145 2582 1310 2655 augmento·
1342 2564 1385 2621 M·

316 2660 396 2739 beat,
416 2664 497 2721 sicut
512 2672 663 2741 optamus,
690 2662 1032 2743 Constantinopolitano
1043 2662 1158 2721 civitae
1170 2660 1385 2741 gornacum,

320 2764 360 2801 ac
379 2756 555 2827 protegente
572 2746 694 2811 dextera
712 2748 764 2808 dei
784 2748 933 2811 diuturno
958 2748 1132 2808 clementiae
1155 2754 1268 2805 νοεῖται
1282 2740 1386 2819 fructu

318 2831 456 2904 imperio.
497 2832 565 2893 alia
584 2843 686 2895 tamen
700 2836 783 2893 ratio
803 2845 848 2893 est
866 2854 968 2893 rerum
983 2832 1196 2893 saecularium
1209 2829 1273 2887 alia
1285 2822 1385 2883 dicier

318 2930 409 2985 rura,
431 2932 485 2972 nec
495 2927 616 2990 praeter
628 2917 719 2977 illam
733 2920 875 2994 Petram,
901 2938 996 2998 quam
1009 2914 1155 2977 dominus
1168 2918 1203 2973 in
1211 2908 1385 2993 fundarunt⁰

317 3000 424 3076 potuit
432 3041 441 3072 ,
463 2997 586 3056 “abilis
602 3002 660 3063 erit
677 3002 746 3059 ulla
761 3006 948 3061 constructio
957 3002 1101 3083 propria.
1137 2997 1243 3081 perdit
1263 2996 1314 3077 qui
1322 2984 1387 3050 Mt·

320 3082 386 3140 bita
400 3086 598 3162 concupiscit.
637 3088 718 3146 eatis
730 3088 772 3145 sit
788 3084 874 3168 quod
876 3086 1035 3167 praedicto
1051 3096 1170 3153 uestrae
1179 3083 1302 3165 pietatis
1316 3090 1387 3171 αϋῐξ·

319 3168 383 3242 iio,
406 3178 434 3226 et
449 3170 640 3247 meisavoris
653 3192 796 3248 assensu,
816 3175 1022 3254 episcopatum
1045 3182 1150 3231 tantae
1168 3171 1255 3233 urbis
1272 3165 1387 3227 aaut.

321 3274 384 3313 non
397 3250 577 3333 dedignetur
589 3259 707 3338 regiam
717 3260 882 3336 civitatem,
909 3280 1005 3339 quam
1020 3256 1221 3337 apostolicam
1243 3272 1299 3315 aon
1310 3248 1388 3337 [Μ

318 3342 424 3417 facere
436 3336 552 3418 sedem3
579 3362 633 3402 nec
650 3342 716 3402 uilo
732 3354 830 3423 speret
852 3342 961 3424 mado,
987 3340 1074 3423 quod
1093 3342 1298 3422 peculiorum
1310 3334 1389 3415 μεθ’(

321 3422 502 3503 offensiones
517 3428 635 3506 augeri.
668 3429 840 3510 privilegia
861 3432 941 3488 enim
960 3428 1157 3487 ecclesiarum
1168 3431 1389 3493 sanctorumpss·

322 3518 406 3568 trum
428 3510 598 3571 canonibus
617 3514 785 3591 instituta,
816 3524 845 3573 et
861 3512 1043 3575 uenerabilis
1060 3514 1215 3573 Nicaenae
1229 3500 1389 3589 synodis²³⁴

321 3590 466 3669 decretis,
490 3596 581 3655 nulia
590 3608 724 3675 possunt
733 3598 927 3678 improbitate
936 3598 1078 3677 conuelli,
1099 3598 1190 3659 nulla
1201 3596 1326 3655 novitate
1339 3601 1389 3642 Ν·

321 3680 396 3739 tari.
438 3682 473 3739 in
492 3702 553 3762 quo
576 3698 679 3762 opere,
707 3684 881 3745 mattiones
908 3682 1045 3760 Christo,
1079 3682 1211 3762 fideliter
1238 3663 1388 3756 rectumff,

320 3782 437 3821 necesse
444 3775 488 3823 est
500 3788 547 3825 me
561 3779 799 3846 perseverantem
809 3768 943 3837 exhibere
949 3768 1161 3847 famulam,
1183 3766 1319 3847 quoniam
1334 3751 1389 3815 dii·

316 3852 460 3927 pensatio
478 3850 557 3909 milei
570 3851 689 3913 credita
701 3864 757 3931 est,
779 3864 808 3913 et
821 3853 867 3914 ad
881 3875 983 3915 meum
1005 3852 1103 3913 tendit
1116 3864 1243 3927 reatum,
1270 3848 1389 3924 tipdtf‘

320 3952 435 3991 norum
452 3937 577 4013 regulae
590 3941 801 4013 sanctionum,
826 3960 905 4020 quae
923 3943 959 4001 in
975 3936 1090 4019 synodo
1110 3938 1247 3999 Nicaena
1259 3928 1301 3991 ad
1313 3924 1388 3985 totu

321 4018 463 4079 ecclesiae
472 4023 605 4100 regimus
616 4026 731 4103 epirs'tu
744 4023 796 4084 dei
808 4028 975 4085 instruente
986 4036 1060 4085 eunt
1077 4021 1232 4099 conditae,
1252 4038 1304 4092 me,
1323 3996 1390 4102 Μ

320 4101 424 4175 absit,
446 4110 619 4166 conrsiuente
631 4110 786 4169 uiolentur
793 4153 802 4186 ,
822 4121 852 4170 et
865 4113 966 4176 maim
975 4113 1019 4169 sit
1031 4108 1122 4189 apud
1130 4128 1176 4169 nse
1194 4107 1285 4167 unius
1295 4100 1388 4176 [raim

319 4186 465 4245 uoluntas
486 4212 582 4268 quam
601 4196 763 4254 uniuersae
780 4192 891 4256 domus
905 4194 1024 4257 domiti
1044 4188 1341 4253 comminuuntur.
1367 4180 1387 4230 ἰ

320 4264 388 4323 ideo
400 4274 499 4330 sciens
507 4275 680 4352 gloriosam
697 4278 888 4343 clemerstiam
906 4292 1041 4343 cestram
1064 4279 1280 4349 ecclesiasticae
1292 4258 1387 4329 timim
