3100 4850
321 347 399 420 660
626 343 862 416 OBSERVAT.
886 341 1120 412 Paenituit.

323 521 356 574 et
375 513 481 573 funere
502 509 601 572 sancti
628 510 707 590 regia
728 505 895 585 Ledoviet,
924 527 963 570 ex
980 507 1098 589 'quibus
1124 503 1292 588 compendio
1313 502 1389 567 nen

323 597 502 678 spondanus
516 615 596 656 anno
613 601 697 664 1270
708 615 797 671 num.
812 595 850 660 42
871 598 1043 656 sanceias
1063 615 1136 654 esau
1151 615 1239 653 corae
1256 585 1388 650 denudate

322 684 433 742 lotione
452 679 677 760 mwsdisaime,
701 683 817 757 paeanio
836 682 941 740 sericis
963 701 1032 740 cum
1058 679 1247 740 aromatibus
1263 674 1387 749 irenen,

322 772 356 828 in
379 767 480 826 loculo
497 778 653 828 reservata
668 767 787 844 fuisse,
809 755 972 842 deferetis
990 764 1036 825 ed
1054 767 1211 826 eccleciam
1225 766 1254 824 S.
1269 761 1388 836 Dionysii

323 863 381 914 etc.
411 872 533 911 carnem
554 873 624 911 vero
640 863 668 910 et
687 854 835 911 intestina
854 873 876 910 a
897 851 1008 912 Ourolo
1021 853 1086 910 eius
1094 853 1201 930 fratre
1215 867 1298 908 aeuo
1307 853 1387 924 nepote

322 937 470 1017 Philippo
483 958 551 1016 rege
563 939 743 1017 impetrata,
763 936 928 1016 honorifice
941 939 975 995 in
987 937 1129 997 Siciliam
1143 935 1262 1010 delato,
1283 943 1307 990 st
1320 949 1387 1008 repo·
1469 1010 1471 1021 Ι

323 1026 388 1083 aito
403 1026 437 1081 in
454 1023 581 1080 ecclesio
590 1023 706 1082 Montis
725 1022 857 1102 Regalis
880 1025 1059 1082 monasterii
1076 1021 1197 1082 ordinis
1217 1022 1247 1080 S.
1259 1014 1388 1104 Bnaeiim'
1469 1034 1471 1057 ²

318 1129 415 1188 prope
429 1109 628 1170 Panormitae.
669 1105 732 1168 buc
745 1107 871 1187 respicit
884 1107 997 1167 mentio
1009 1127 1026 1165 s
1038 1117 1144 1170 nostro
1157 1109 1234 1168 iacta
1247 1101 1388 1162 umeris

320 1196 523 1272 pretiosorum
534 1192 567 1252 in
579 1191 690 1274 plurali
709 1211 848 1252 numero:
872 1191 930 1252 duo
955 1193 1034 1254 enim
1055 1193 1200 1269 sumunt,
1228 1182 1388 1270 quorumd-

323 1287 389 1338 tero
407 1280 437 1337 S.
454 1277 603 1338 Ludoviei
613 1297 680 1338 ossa
696 1276 727 1336 in
741 1277 870 1342 Galliam
883 1285 1100 1358 pertineant,
1123 1279 1219 1338 altero
1232 1272 1388 1335 intestinast

322 1362 471 1422 suumin
485 1361 618 1422 Siciliam
631 1363 784 1426 translata.

408 1469 441 1528 p.
451 1447 515 1513 365
528 1466 556 1507 v.
572 1451 625 1514 22.
666 1447 746 1508 verti
761 1456 918 1526 argentum
937 1446 1041 1508 visum
1054 1440 1190 1529 ἄργυρον
1207 1437 1298 1526 nippis
1309 1431 1388 1519 zarin

320 1528 455 1592 imitatus
469 1531 637 1594 Aristotelis
647 1531 825 1614 interpretes
839 1533 862 1592 l.
881 1536 897 1596 1
912 1531 950 1591 de
966 1531 1090 1607 Anima,
1111 1532 1165 1610 qui
1178 1529 1323 1590 sicbetine
1333 1520 1388 1582 red-

322 1615 400 1675 dunt
416 1611 548 1697 dpyupoa
560 1609 657 1698 χυτόν.
701 1617 784 1698 quod
802 1625 833 1676 et
854 1609 948 1700 dypbv
968 1625 1051 1676 recte
1065 1637 1085 1675 a
1104 1625 1211 1676 nostro
1227 1612 1339 1673 dicitur:
1355 1611 1389 1665 ni

321 1700 401 1760 suini
424 1698 534 1761 humor
555 1701 704 1781 liquidus,
734 1715 761 1762 et
783 1703 887 1782 liquor
912 1713 1067 1778 oannes,
1092 1709 1130 1761 ut
1152 1700 1265 1762 Plinius
1281 1691 1389 1774 loquitur

319 1785 388 1848 Nat.
405 1784 483 1846 llist.
497 1786 520 1846 l.
533 1790 576 1852 88
588 1807 616 1852 e.
629 1792 650 1852 6
666 1798 695 1848 et
707 1791 737 1865 8,
756 1789 858 1867 guttis
876 1785 978 1848 dividi
980 1787 1097 1866 facilia
1113 1798 1143 1845 et
1160 1785 1275 1846 lubrico
1291 1779 1388 1838 liam

321 1871 483 1952 confluens.
525 1868 722 1952 bydrnrgyri‚
741 1871 825 1951 quod
841 1873 964 1951 vulgare
978 1873 1069 1932 buius
1081 1871 1127 1932 rei
1142 1881 1251 1932 nomen
1263 1866 1331 1941 scio,
1348 1879 1388 1920 w·

321 1955 429 2016 cabulo
446 1955 577 2016 abstinui
591 1967 750 2036 propterea
762 1957 844 2036 quod
862 1977 929 2016 cum
950 1957 1041 2016 buius
1058 1957 1187 2036 liquoris
1202 1953 1308 2035 duplex
1316 1961 1387 2028 gentt

320 2041 364 2101 sit
383 2061 422 2100 ex
441 2041 539 2102 Plinio
559 2041 687 2117 ibidem,
715 2043 842 2103 alterum
863 2044 998 2102 naturale
1017 2042 1146 2102 alterum
1168 2041 1327 2110 taetitium,
1343 2031 1387 2109 by·

322 2125 459 2206 drsrgyri
477 2126 638 2208 appellatio
659 2127 776 2206 potius,
805 2135 840 2187 ut
853 2127 932 2188 idem
943 2127 1038 2204 uadit
1050 2146 1077 2186 c.
1088 2129 1120 2203 8,
1135 2126 1252 2186 laetitio
1263 2120 1387 2182 tribuitur·

320 2210 359 2269 de
371 2210 467 2288 priori
482 2231 555 2272 vero
566 2209 618 2272 bic
633 2231 719 2291 agere
734 2211 962 2291 Pachynum,
982 2211 1127 2272 enodetur
1140 2231 1180 2272 ex
1195 2209 1299 2270 effectu
1310 2202 1387 2284 depri-

319 2296 422 2354 mendi
436 2293 524 2354 fundi
535 2297 635 2374 masis,
654 2297 782 2376 quernei
796 2295 903 2358 tribuit
917 2305 1114 2358 consentsnse
1124 2295 1164 2356 iis
1179 2311 1254 2376 qnae
1263 2295 1296 2353 de
1308 2291 1387 2350 sodon

318 2380 413 2442 tradit
426 2380 541 2441 Plinim
553 2379 622 2443 loco
633 2379 692 2443 iam
704 2381 843 2460 laudato,
865 2401 891 2446 c.
908 2382 962 2448 61.
977 2385 1034 2458 333
1058 2381 1109 2443 ubi
1131 2382 1179 2443 sic
1191 2381 1340 2443 scribitur:
1356 2379 1387 2431 ui

318 2476 347 2525 et
360 2468 444 2546 Iapis
459 2470 494 2527 in
505 2468 557 2526 leia
569 2470 653 2528 vanis
667 2465 828 2551 (argenti),
850 2470 942 2529 cuius
955 2471 1075 2529 uomica
1088 2470 1224 2547 liquoris
1237 2464 1337 2527 osteriai
1348 2479 1387 2517 ar·

316 2564 443 2631 gentum
460 2556 567 2611 vivum
589 2552 782 2634 appelletur,
809 2574 954 2613 venemens
975 2574 1077 2613 rerum
1094 2556 1243 2616 omnium.
1283 2556 1349 2609 exest
1362 2560 1388 2600 w

312 2641 487 2716 perrunspit
505 2641 650 2699 univerae
668 2660 827 2718 permeans
849 2638 918 2699 sate
933 2637 1014 2703 diro.
1061 2639 1104 2697 ita
1125 2639 1196 2717 ille;
1223 2636 1300 2699 unda
1324 2628 1389 2693 tacite

317 2731 421 2801 potest
434 2722 563 2799 intelligi
578 2743 634 2783 cur
646 2734 750 2804 aptum
764 2724 929 2785 iudicatum
945 2722 985 2785 sit
1004 2724 1161 2787 exedendo
1177 2716 1388 2805 perrumpendu-

320 2824 379 2884 que
391 2815 422 2865 et
434 2806 480 2865 sic
494 2806 585 2865 altius
599 2810 774 2869 excavando
789 2810 884 2871 tundo
902 2818 1021 2889 portus,
1044 2810 1081 2869 da
1098 2818 1161 2889 quo'
1181 2808 1233 2870 hic
1247 2803 1387 2867 historicus.

320 2891 371 2968 qui
386 2890 510 2967 gratiam
520 2891 636 2951 iniisset
649 2914 666 2950 a
680 2893 853 2970 lectoribus,
876 2896 902 2955 ai
916 2894 1086 2955 distinctius
1100 2894 1226 2955 modum
1241 2891 1388 2955 enarranti»

320 2993 381 3054 qno
403 2972 479 3033 baec
496 2974 647 3056 depressio
668 2977 758 3037 tundi
777 2988 883 3055 portus
905 2998 960 3056 per
982 2988 1136 3057 argentum
1152 2980 1256 3039 vivum
1270 2976 1388 3037 facient

319 3058 460 3119 credibile
483 3059 598 3140 quippe
616 3068 664 3124 est
687 3061 869 3139 peculiarem
893 3064 1044 3141 quendam
1064 3064 1102 3123 sd
1120 3063 1152 3125 id
1166 3074 1261 3125 artem
1276 3072 1303 3122 et
1316 3064 1388 3117 cerm

317 3146 397 3205 forte
410 3142 561 3206 machinas
574 3143 742 3218 adhibitae,
763 3166 841 3226 quae
856 3147 986 3227 'ignotae
1007 3148 1098 3211 hodie
1115 3148 1194 3229 siut,
1217 3148 1282 3211 uani
1293 3146 1388 3207 setun

317 3229 344 3290 si
355 3230 520 3295 scirentur.

401 3336 431 3395 p.
441 3320 504 3381 868
516 3334 546 3375 v.
552 3318 584 3382 6.
623 3336 727 3377 verum
739 3315 807 3375 illis
819 3328 854 3377 ut
867 3338 928 3379 non
934 3318 1275 3400 placebat-principi.
1293 3313 1389 3374 nasce

319 3420 396 3480 quse
417 3421 490 3461 mox
509 3399 632 3462 subiicit
654 3400 814 3481 superbam
843 3404 979 3481 ignavam
1002 3415 1210 3465 contumacem
1234 3408 1388 3467 cresenc

319 3485 487 3545 antistitum
506 3486 539 3545 in
557 3484 717 3545 schismate
738 3488 932 3567 pertinaciam
953 3489 1128 3565 declarant5
1157 3510 1233 3568 quos
1255 3496 1388 3549 etesium

164 3608 170 3623 ·
235 3647 240 3657 ·
316 3570 378 3629 illis
392 3572 475 3651 paria
487 3572 617 3631 sentiens
628 3570 679 3631 bic
693 3570 855 3633 bistoricns
872 3574 1013 3650 traducit,
1036 3575 1109 3639 dum
1120 3574 1267 3635 obnoxios
1280 3562 1387 3654 penori

317 3655 375 3715 vili
393 3658 610 3731 assentatione,
636 3666 892 3719 contrementem
915 3669 945 3719 et
961 3680 1081 3721 sensum
1107 3660 1266 3737 intimum,
1292 3648 1387 3733 signis!-

167 3766 171 3774 ,
210 3756 301 3813 1²4ae
317 3760 401 3801 casse
415 3741 457 3800 sit
468 3741 524 3799 sibi
537 3742 588 3803 vel
603 3743 730 3803 maxime
750 3744 870 3824 placere
883 3745 915 3803 id
932 3745 1030 3825 ipsum
1046 3766 1062 3803 a
1085 3764 1148 3824 quo
1166 3734 1388 3825 impotentertb·

317 3824 499 3903 bonebsnt5
521 3826 604 3904 quod
624 3827 754 3889 immane
771 3839 917 3910 quantum
940 3830 976 3889 ab
996 3831 1167 3910 evangelica
1182 3830 1342 3891 sinceritate
1359 3836 1387 3878 ⁸⁰

316 3910 514 3990 generositate
522 3912 651 3971 alienum
664 3922 721 3975 est.

400 4016 432 4058 v.
453 4001 502 4062 10.
543 3998 683 4057 insemel
697 3996 788 4058 adca
800 4003 991 4079 possessione
1008 4004 1201 4063 wdoritotis
1212 3989 1388 4079 nipedes

317 4083 359 4139 tis
372 4090 429 4142 etc.
471 4101 527 4161 per
542 4082 651 4159 gradm
670 4084 710 4143 ad
724 4084 811 4143 istem
827 4088 1052 4166 usurpationem
1066 4088 1252 4149 auctoritatis
1263 4082 1387 4169 isdem

318 4164 417 4225 dentis
430 4167 537 4225 Graeci
550 4168 874 4249 constantinopolitani
891 4182 1111 4251 processerunt.
1139 4174 1268 4255 primum
1280 4174 1387 4251 ptritffl

315 4248 500 4324 Byzantinae
516 4250 711 4330 humilitatis,
740 4274 799 4332 qua
826 4256 898 4315 olim
916 4256 950 4315 in·
968 4260 1158 4321 encleiierum
1181 4257 1283 4321 ordine
1301 4248 1384 4313 insum

314 4334 539 4413 metropolitam
551 4335 713 4405 linacleae
728 4339 873 4403 Thraciae
886 4344 1069 4425 superiorem
1082 4350 1275 4427 asseverent,
1294 4347 1324 4399 ¹¹²
1334 4334 1386 4414 ἱΡ*θ
