3100 4850
489 317 570 386 una.
584 317 611 387 r.
644 316 922 388 euenturum
1118 403 1123 409 ,
1187 319 1265 394 σου

163 487 262 552 laius
302 483 355 553 lla
365 503 461 566 pano
472 481 581 549 scobs:
601 449 767 568 εαῦσάγιίρ
779 476 861 565 ἦσαν
872 479 910 548 sd
919 476 1015 551 neilus
1021 488 1037 561 ,’
1047 484 1196 550 'videntur
1209 509 1264 553 re.

39 623 41 640 ’
163 575 275 656 'Plffi
303 571 628 651 fanumsaempegtsa
651 578 705 632 ant
726 569 989 632 tabernaculorum
1010 571 1164 633 a·lndaeis
1189 558 1263 638 olim

163 655 307 721 celebrari
329 657 453 718 solitum
470 656 504 716 iu
522 655 697 716 memoriam
717 655 798 716 sitae
818 676 837 714 a
853 657 990 736 patribus
1011 657 1044 716 in
1063 659 1265 723 tabernaculis
1342 733 1346 741 ,

162 751 333 806 mussulae
346 761 401 823 par
413 761 508 802 snuos
518 741 715 822 qudraginta
724 740 757 802 in
769 741 898 802 dasnto.
924 741 980 802 etsi
994 751 1094 803 autem
1106 744 1264 824 Scriptura

162 830 216 894 uhi
234 828 295 902 hoc
311 829 423 888 laetum
441 827 631 907 praesen-ibit,
650 827 949 888 nseminerittsntum
961 828 1264 892 disertetshernaou·

161 916 263 978 lorum
281 923 449 976 mentorum
469 921 557 972 extm
573 912 696 990 domos,
717 913 791 974 satis
812 921 915 974 tamen
931 934 1062 994 pronum
1082 916 1200 978 credito
1219 926 1266 985 cst

160 1001 299 1062 adhibita
318 999 359 1060 ad
380 997 464 1058 hunc
483 1017 572 1058 unum
590 993 725 1080 plaustra
743 997 836 1082 ramis
848 999 1016 1060 virentibus
1031 1011 1269 1081 supernatans,

162 1097 196 1148 at
213 1095 333 1146 caetero
352 1083 510 1165 splendore
522 1084 599 1144 varii
614 1093 739 1145 ansatus
753 1085 875 1164 agrestia
887 1085 1059 1148 festivitatis
1070 1086 1200 1151 laetitiae
1214 1108 1266 1149 oe-

39 1225 42 1258 η
160 1169 324 1236 lebrandae
340 1169 578 1247 accommodata,
599 1189 676 1250 quaa
688 1169 738 1230 hic
752 1180 855 1230 noster
867 1174 1016 1251 λαμπίνας
1032 1181 1130 1234 vocat.

166 1293 170 1300 ·
249 1277 504 1355 λειτουργεῖν
525 1292 556 1353 p·
577 1269 641 1338 874
660 1291 691 1334 v.
715 1273 764 1338 17.
807 1269 868 1332 hoc
884 1270 951 1334 loco
969 1293 1019 1334 res
1034 1275 1098 1354 ipsa
1117 1277 1210 1357 exigit
1228 1285 1266 1339 ut

39 1395 43 1436 t
162 1355 200 1425 td
211 1363 393 1441 λειτουργεῖν
408 1379 471 1418 non
486 1357 659 1439 simpliciter
675 1366 760 1417 sonet
773 1355 893 1417 mnsam
907 1359 969 1419 sive
985 1381 1100 1421 sacram
1113 1363 1267 1442 liturgiam

164 1443 330 1517 salsurae,
359 1443 413 1503 sed
435 1443 469 1504 id
491 1445 589 1504 secare
608 1441 698 1503 simul
719 1461 787 1502 oum
809 1443 935 1519 Latinis,
958 1445 994 1504 iis
1014 1465 1076 1506 uns
1097 1449 1267 1512 communi·

39 1569 43 1606 :
164 1529 278 1606 cand05
312 1528 346 1588 in
371 1549 432 1608 quo
459 1537 524 1589 erat
553 1529 610 1589 sits
638 1526 804 1589 schismatis
830 1529 957 1590 amotio:
986 1551 1058 1592 nam
1087 1532 1267 1595 schismatici

39 1661 42 1694 ,
164 1616 272 1678 Graeci
296 1615 418 1674 latinos
439 1624 477 1675 ut
495 1614 768 1676 excommunicatos
788 1625 820 1676 et
839 1613 1006 1677 haereticos
1024 1617 1058 1678 in
1080 1617 1266 1682 oonsorti'um

162 1719 319 1763 sacrorum
332 1699 490 1760 admittere
501 1699 687 1761 recusabant.
769 1711 770 1720 ¹

250 1801 373 1878 λίποις
392 1803 497 1882 p-885
515 1821 544 1863 v.
561 1803 610 1868 10.
653 1795 696 1878 οἷς
709 1797 801 1876 λίπας
812 1798 931 1884 πίνρας.
971 1811 1061 1863 vetus
1073 1805 1267 1884 proverbium

162 1887 203 1951 ax
215 1887 414 1970 Aristophane
426 1887 458 1950 in
472 1885 580 1966 Plato,
600 1885 653 1948 uhi
669 1885 862 1968 Chremylum
878 1888 921 1948 sic
937 1885 1111 1967 loquentem
1123 1891 1196 1952 iacit
1209 1891 1267 1952 suh

162 1975 256 2058 finem
331 2053 375 2134 οίς
392 2047 539 2133 ειίιιίυως,
563 2045 590 2118 ol
600 2049 671 2122 za·
685 2057 827 2139 βασιλεῦ,
843 2051 877 2121 ιδ
890 2049 1019 2142 γρᾴδιον
1127 2114 1130 2120 .

231 2163 234 2174 “
332 2137 432 2222 ὥσπερ
450 2140 541 2216 λίπας
556 2141 601 2226 spi
616 2142 761 2228 μειρακίῳ
775 2143 974 2223 προσίσχεται
1258 2148 1261 2157 “

163 2225 207 2290 sd
228 2245 316 2308 quem
335 2227 436 2288 laeum
458 2227 501 2286 sic
522 2235 649 2286 annotat
671 2237 760 2288 vetus
782 2225 967 2288 scholiastes:
995 2224 1089 2303 λίπος
1107 2221 1270 2310 ιιογγιίλιον

39 2355 41 2382 ι
162 2307 312 2394 ἕφιζοίνον
330 2319 397 2386 ταῖς
413 2311 535 2396 πέτραις
555 2303 606 2376 ὅτ’
619 2305 725 2388 αιίταῖς
742 2307 988 2397 προσπήγνυται,
1011 2308 1270 2393 δυσαποσπάστως

39 2472 40 2475 ¹
164 2397 252 2481 dxcv,
274 2392 398 2464 ἔπεισάν
420 2417 466 2474 τις
489 2389 585 2462 nicasi
608 2397 775 2481 βουληθείη
795 2401 908 2480 λαβεῖν.
949 2397 1057 2459 similia
1075 2396 1157 2459 idem
1179 2397 1270 2459 docet

164 2485 209 2582 ad
223 2504 344 2585 nereum
357 2480 440 2545 huno
453 2482 545 2544 alium
558 2481 690 2545 duodeni
702 2480 912 2565 Aristophanis
924 2484 959 2547 in
973 2482 1085 2567 Vespis,
1104 2502 1168 2547 non
1179 2483 1269 2566 longi

162 2591 184 2633 ι
200 2588 359 2653 Pmmpw’
495 2592 881 2737 nponetlesidnnpoinoisv

331 2732 433 2823 ὅσπερ
447 2734 540 2813 λίπος
553 2732 769 2823 προσεχόμενος
781 2736 826 2819 spi
839 2737 929 2803 ιιίονι.
970 2797 972 2800 .

39 2792 41 2821 '
160 2822 632 2905 idemnfisotpsoransduna.
674 2818 903 2905 αρισοπη
916 2818 1196 2885 mammeam·
1208 2821 1269 2883 aaa

39 2960 43 2995 r
160 2912 231 2973 tine
244 2918 335 2969 vocat
345 2929 407 2969 non
419 2907 516 2969 semel.
558 2908 670 2969 Plinius
683 2917 784 2969 tamen
796 2908 919 2969 videtur
931 2908 1094 2968 buccinum
1109 2908 1269 2989 appellare

160 2996 220 3057 uhi
234 2993 311 3053 enim
327 2994 347 3057 l.
362 2998 383 3061 9
401 3013 426 3055 ο.
438 2998 480 3061 86
502 2993 665 3055 buccinum
680 2991 759 3055 dixit
772 3012 834 3053 esse
848 2998 993 3054 minorem
1007 2992 1152 3054 οοποίιαπι
1164 2992 1211 3053 ad
1221 2997 1269 3052 ss'-

161 3076 375 3143 militudinem
393 3080 458 3139 eina
472 3079 595 3140 buccins'
609 3100 671 3160 quo
687 3100 784 3139 sonsss
801 3077 920 3158 edatur,
941 3076 1023 3140 smde
1037 3090 1082 3138 est
1095 3099 1196 3139 eausa
1209 3100 1269 3137 sso-

39 3152 40 3229 ἶ
161 3167 247 3227 mini
254 3209 263 3241 ,
286 3164 376 3244 paulo
394 3170 464 3245 poet
484 3162 584 3225 addit:
605 3166 768 3225 buccinum
780 3168 905 3226 nonnisi
911 3166 1011 3245 petris
1022 3162 1184 3256 adhaeret,
1205 3167 1269 3223 cir·

161 3272 265 3333 caque
278 3250 419 3330 scopulos
434 3248 549 3331 ligitur
562 3246 611 3331 *).

254 3352 470 3434 μακαρίτης
496 3372 526 3431 ρ.
544 3352 609 3415 282
629 3368 661 3415 v.
681 3354 730 3417 16.
773 3346 807 3413 ἔοι
826 3342 984 3433 ἢρμᾶνον
1006 3350 1065 3411 τοῦ
1090 3345 1269 3429 μακαρίτου.

161 3434 328 3515 aliquando
347 3436 460 3496 credidi
480 3434 627 3515 designari
645 3434 705 3496 hoo
725 3435 793 3496 loon
810 3436 841 3497 8.
855 3434 1038 3495 manum
1051 3431 1083 3493 Ρ.
1099 3432 1131 3494 C.
1149 3430 1268 3512 scriptis

39 3570 41 3579 ,
161 3524 300 3599 clarum,
322 3521 374 3600 qui
388 3520 498 3581 Christi
518 3541 597 3581 anno
613 3524 690 3597 714,
711 3518 874 3601 imperante
886 3517 1041 3581 Anastasio
1055 3517 1206 3597 Augusto,
1227 3534 1269 3577 ex

161 3607 312 3687 Cyzicena
326 3606 396 3665 seda
408 3606 439 3666 in
454 3606 814 3689 constantinopolitanam
826 3614 872 3667 ast
885 3603 1058 3667 translatus.
1098 3600 1268 3683 impellebat

162 3692 207 3775 sd
222 3692 264 3751 sie
280 3690 464 3771 opinandum
479 3690 591 3751 mentio
607 3692 795 3771 antiquitatis
806 3691 854 3750 bis
866 3688 1005 3751 hocloco
1017 3688 1161 3787 repetita,
1182 3684 1269 3765 quasi

160 3776 303 3839 indicans
317 3778 501 3837 Germanum
512 3775 595 3839 hunc
608 3775 811 3859 patriarcham
823 3796 938 3839 novum
951 3794 989 3835 ex
1000 3774 1108 3836 duma
1118 3780 1269 3833 vetustata

161 3860 304 3943 exempla
319 3872 350 3923 et
364 3872 523 3944 praecepta
543 3860 745 3923 emendandae
761 3861 899 3923 ecclesias
911 3861 983 3923 inda
996 3877 1091 3938 usqua
1101 3857 1140 3917 sb
1151 3856 1225 3917 sctis
1239 3864 1270 3916 at

161 3946 287 4027 scriptis
311 3948 407 4008 sancti
426 3946 566 4009 Germani
583 3967 732 4009 accenere
749 3946 908 4009 studuisse.
949 3964 1055 4007 veram
1073 3963 1108 4005 re
1124 3941 1270 4009 attentas,

163 4032 357 4093 considerata
371 4033 554 4114 probabilius
572 4032 738 4113 existimari
750 4034 796 4114 agi
814 4032 954 4093 hocloco
967 4030 1005 4096 ‹le
1017 4030 1166 4091 Germano
1180 4027 1270 4106 longa

162 4118 340 4181 recentioris
359 4119 518 4181 memoriae
536 4118 726 4201 patriarcha,
746 4120 833 4183 cuins
847 4127 976 4181 mortem
989 4124 1022 4181 et
1033 4114 1163 4199 elogium
1176 4110 1272 4177 habes

239 4306 270 4375 ·)
303 4304 608 4363 eenamcenam

214 4417 350 4493 dargan
371 4416 589 4493 Ραολςιιιαιί.
908 4503 912 4510 ἡ
1023 4411 1065 4477 87
1168 4459 1174 4476 .
