3100 4850
273 299 351 375 soc
581 295 1081 406 scemurensem:

274 487 349 532 nere
362 465 438 530 nihil
450 465 650 530 honorificum
663 477 719 529 sut
738 474 826 528 tanto
839 465 956 548 festigio
978 465 1100 547 ἀίροοιο
1114 461 1378 528 menesium·-

276 555 340 618 rios
356 555 457 634 potius
470 574 505 613 ac
521 553 658 634 vulgares
670 551 783 614 scribas
795 553 846 613 vel
864 553 904 613 sd
917 571 1068 612 summum
1085 549 1226 613 ubulsrii
1237 550 1378 610 emese·

277 639 411 700 deceent.
452 639 540 718 longe
558 639 644 699 aliter
663 637 933 702 Thessalonicensis
951 640 1081 718 Symeon
1098 635 1174 717 quid
1187 636 1379 697 auctoritatis

276 725 357 786 ciros
376 724 565 786 matrimonio
578 723 800 805 chartophylax
813 723 981 784 exercuerit
994 722 1110 784 indicat
1126 721 1176 782 lris
1190 722 1308 784 mois:
1323 719 1379 784 ul

276 804 316 874 ed
332 813 392 873 scis
405 803 511 891 γάμων
522 810 656 891 νομίμως
672 811 825 892 φροντίζει
834 810 985 892 γίνεσθαι.
1027 820 1065 868 ut
1075 809 1211 888 lege'sisns
1227 807 1379 867 celebras-

278 906 333 956 tur
344 897 544 954 moinonis
556 905 655 960 curat.
697 911 791 976 porro
800 893 988 956 institutione
1005 891 1131 970 Christi,
1150 893 1205 971 qui
1218 892 1378 953 metrimo-

278 980 363 1042 nium
378 999 417 1042 ex
431 979 510 1042 civili
524 987 682 1041 conuecta
694 977 726 1039 in
737 987 956 1042 sacramentnm
969 979 1087 1056 erexit,
1106 987 1144 1040 ct
1152 977 1188 1038 id
1200 978 1258 1038 rite
1268 995 1380 1060 psrpe-

277 1074 380 1130 ustor
399 1085 474 1146 opus
491 1073 536 1126 est
550 1085 634 1127 secra
649 1065 748 1145 eliqua
763 1065 951 1126 eccledufiei
967 1064 1096 1126 ministri
1113 1064 1285 1140 functione,
1307 1083 1377 1142 qua,

277 1159 316 1212 ut
335 1151 488 1213 Everistus
511 1151 731 1230 antiquissimus
754 1151 890 1231 pontifex
916 1151 1001 1231 epist.
1019 1149 1060 1210 sd
1079 1149 1207 1230 episcop.
1224 1149 1380 1210 Atricsncs

277 1229 431 1316 loquitur,
451 1236 598 1296 nubentes
608 1257 667 1315 suo
684 1233 1072 1318 temporssccerdotolitsr,
1092 1245 1130 1295 ut
1148 1246 1288 1311 nosses,
1309 1253 1380 1294 cua
1502 1230 1503 1249 ¹

274 1319 422 1403 precibus
436 1333 463 1380 et
481 1319 688 1382 oblationibus
701 1341 723 1382 α
744 1319 901 1382 secerdote
917 1319 1143 1383 benedicentur.
1183 1318 1274 1381 lsuius
1285 1313 1380 1380 bene-

280 1405 421 1466 dictionis
432 1406 554 1466 effectus
565 1405 631 1487 quis
651 1407 705 1483 sit,
734 1406 824 1468 docet
835 1406 957 1467 Siricius
968 1407 1043 1467 item
1053 1405 1190 1487 pontifex
1204 1404 1329 1486 epistola
1341 1403 1381 1465 ed

279 1489 446 1556 Himerium
463 1491 715 1552 Tarraconensem
732 1511 758 1552 c
776 1490 812 1570 4,
833 1492 885 1553 ubi
899 1493 1101 1573 interrogatus
1121 1489 1382 1570 siduponsssass

279 1577 343 1636 alis'
358 1577 499 1656 puellam
518 1577 598 1636 alter
616 1579 650 1636 s'n
666 1579 899 1638 matrimonium
911 1581 1013 1660 possit
1028 1581 1182 1659 accipere,
1202 1577 1381 1658 respondet:

279 1659 339 1724 hoc
351 1661 458 1742 nestas
472 1661 573 1721 modis
581 1662 721 1722 omnibus
731 1661 913 1743 s'nlsr‘hsr'nus,
933 1666 1011 1745 quic
1022 1665 1083 1723 uta
1094 1661 1270 1739 bmedists'o,
1286 1682 1381 1742 qm

280 1757 437 1826 nupturae
450 1745 595 1807 sacerdos
615 1750 744 1828 s'rnpons't
771 1747 862 1831 apud
871 1747 1003 1829 fideles,
1028 1749 1188 1828 swssgts·
1207 1750 1313 1806 instar
1327 1757 1380 1825 est,

280 1833 312 1891 si
323 1833 392 1916 ulla
403 1836 645 1914 transgressione
657 1833 798 1898 violam.
839 1832 919 1894 hene
928 1833 1167 1896 benedictionem
1177 1833 1382 1914 pascuum

280 1915 314 1978 in
341 1917 461 1977 ecclesia
484 1920 599 1999 sponsis
623 1939 641 1978 a
666 1919 821 1980 sacerdote
844 1920 972 1980 conferri
991 1919 1186 2000 antiquissimi
1207 1937 1262 2000 per
1279 1935 1382 1978 omnes

279 2002 419 2063 'ecclesias
430 2005 521 2064 moris
532 2014 585 2064 est.
606 2003 716 2064 concil.
724 2002 862 2086 Cartheg.
870 2005 910 2067 tv
915 2006 987 2068 Cen.
995 2005 1076 2066 xm.
1105 2023 1238 2084 sporseus
1248 2015 1277 2064 et
1287 2023 1383 2084 spon·

283 2101 322 2148 sc
337 2109 407 2148 curn
419 2086 613 2148 benedicendi
631 2100 706 2149 sunt
725 2111 747 2150 ο
759 2089 930 2167 sacerdote,
951 2113 974 2151 a
983 2091 1168 2172 parentibus
1181 2092 1250 2150 ssss's
1262 2091 1314 2150 vel
1319 2109 1384 2171 pc·

283 2173 464 2254 ranympln's
475 2173 654 2258 offirantur.
696 2176 855 2256 quievero
870 2175 1000 2258 episcopi
1012 2187 1056 2237 est
1075 2175 1229 2255 dem'gnsse
1242 2175 1385 2236 sesnes-

283 2265 360 2335 tsm,
385 2277 472 2340 quem
487 2261 673 2340 potissimum
690 2262 764 2322 velit
785 2261 844 2322 ists
868 2281 952 2322 secra
971 2262 1053 2322 circa
1065 2262 1204 2342 coniuges
1216 2261 1385 2322 mremoma

282 2341 412 2423 defungi,
426 2344 613 2427 patriarchae
627 2345 947 2429 contantinopolitani
955 2345 1034 2408 hsce
1043 2347 1166 2433 proprio
1177 2365 1281 2408 curem
1293 2345 1386 2406 elsar-
1506 2408 1508 2426 ,

283 2428 437 2511 tophyluci
449 2432 511 2493 sive
525 2432 700 2493 cancellerio
714 2454 768 2495 auo
780 2433 1043 2506 demandaverunt,
1065 2443 1102 2496 ut
1114 2434 1164 2495 vel
1177 2433 1240 2514 ipse
1252 2451 1309 2515 per
1322 2450 1385 2492 ns
1506 2435 1508 2458 '

284 2516 400 2599 sponsis
419 2516 478 2577 hoc
500 2517 589 2578 modo
613 2518 818 2599 benediceret,
845 2520 895 2579 rel
919 2519 1104 2579 sacerdotem
1127 2519 1248 2598 eligeret
1274 2516 1387 2599 quiid

181 2668 186 2684 ρ
220 2614 225 2626 ’
284 2600 414 2677 iaceret,
434 2604 510 2662 adeo
523 2602 647 2668 utcitrc
666 2604 728 2665 eius
750 2624 901 2665 assensum
920 2624 957 2664 ac
978 2604 1092 2665 iussum
1110 2604 1212 2665 nullus
1231 2603 1387 2685 presbyter

284 2685 318 2746 id
333 2686 392 2745 rite
412 2705 448 2746 ao
465 2687 594 2767 legitime
611 2698 712 2770 posset
730 2710 825 2770 agera.
866 2687 926 2750 lsoc
943 2697 988 2750 est
1007 2689 1090 2769 quod
1106 2690 1196 2750 docet
1208 2686 1261 2749 lsio
1273 2698 1386 2766 nonu,

286 2770 361 2829 dum
373 2771 413 2829 ait
425 2766 595 2856 προνόμιον
613 2794 676 2836 esse
695 2773 936 2856 chartophylacis
952 2772 988 2840 sd
1000 2781 1186 2860 sposponoie
1201 2772 1323 2839 suun
1333 2771 1387 2850 esic

286 2855 452 2937 ἱερολογίας
466 2858 616 2938 γίνεσθαι.
658 2880 718 2919 non
737 2861 971 2938 sinefacultcts
993 2880 1033 2921 oe
1047 2859 1198 2921 mmsdcto
1217 2857 1388 2921 siuscdhs‘-

286 2938 352 3009 deri
365 2942 484 3021 sponsis
495 2962 517 3000 er
535 2938 689 3003 sacerdote
705 2944 771 3004 ullo
785 2946 943 3026 nuptiales
958 2942 1185 3008 condictiones.
1226 2964 1320 3025 qum
1337 2944 1389 3005 ille
1506 2961 1507 3010 1

286 3022 335 3097 sic
346 3028 409 3086 scis
422 3022 527 3111 ispius
540 3020 573 3101 ‘dc
584 3028 654 3111 dizo
669 3032 724 3107 τῆς
739 3034 795 3094 τοῦ
807 3026 1034 3113 χορτοφύίοκος
1046 3033 1222 3117 προτροπῆς
1233 3032 1389 3112 νυμφίοις

287 3104 444 3195 ἱερολόγει,
466 3109 607 3171 sacerdos
625 3111 756 3195 quidam
766 3118 824 3195 qui
837 3118 919 3176 cs'tra
930 3114 1116 3177 sacredotum
1126 3138 1165 3176 cs
1176 3126 1289 3175 nusum
1300 3116 1390 3175 enm.

289 3194 461 3274 tophylocs's
470 3200 591 3277 sponsis
606 3196 812 3278 benedixerat,
832 3203 1029 3283 suspensionis
1041 3203 1081 3262 ob
1095 3202 1128 3263 id
1142 3220 1238 3283 poena
1250 3209 1296 3261 est
1307 3200 1391 3262 mcl-

287 3288 372 3340 tstus
382 3325 391 3357 ,
411 3290 448 3342 ut
461 3302 532 3343 mcx
550 3282 745 3365 Pachymaree
762 3287 923 3367 subiungit.
964 3296 1011 3347 est
1027 3289 1120 3369 igitur
1139 3288 1291 3371 ἱερολορίο
1304 3306 1391 3347 seete

286 3364 403 3425 functio
415 3368 578 3429 sucerdotis
590 3369 669 3431 circe
679 3389 803 3452 sponsos
810 3417 820 3450 ,
841 3370 963 3452 quando
975 3373 1009 3433 in
1022 3374 1144 3433 ecclesis
1159 3374 1218 3433 rlte
1232 3373 1393 3433 matrimo-

287 3448 339 3509 uio
360 3449 541 3531 iunguntur;
566 3454 600 3515 id
620 3456 703 3535 quod
721 3458 837 3519 dudum
859 3466 947 3519 antea
967 3477 1016 3517 me
1043 3458 1186 3520 docuerat
1204 3455 1392 3539 Nicephorum

288 3534 455 3615 Bryennius
468 3539 577 3600 Caesar
587 3540 643 3601 snb
657 3541 746 3605 tinem
763 3542 833 3603 libri
846 3542 887 3603 111
900 3546 1183 3605 commentariorum
1202 3563 1220 3604 s
1233 3562 1282 3603 sne
1293 3560 1392 3624 nuper

290 3620 457 3695 editorum,
479 3623 533 3685 ubi
552 3646 678 3687 nnrrsns
699 3628 863 3707 illegitimas
880 3629 1116 3709 nnpu'sscoctrs
1130 3648 1219 3691 omne
1230 3631 1276 3689 ies
1287 3637 1393 3688 etten-

288 3714 405 3767 tetsss
430 3708 586 3771 Botsniats
608 3710 746 3775 invasore
764 3712 881 3793 imperii
901 3734 970 3776 cum
991 3714 1085 3776 Meris
1111 3714 1246 3795 Angusta
1267 3714 1393 3793 coniuge

291 3788 443 3853 Michaelis
459 3794 557 3857 Duces
576 3796 649 3857 solio
662 3798 811 3859 deturbati
828 3798 929 3859 adhuc
941 3800 1073 3860 viventis
1082 3844 1092 3877 ,
1112 3803 1224 3871 refert,
1248 3818 1318 3860 cum
1330 3801 1393 3861 ism

291 3878 394 3957 sponsi
408 3880 495 3940 embo
513 3882 544 3942 in
559 3882 711 3943 ecclesiam
723 3885 895 3965 recusem,
916 3885 1102 3946 sacerdotem
1121 3886 1175 3965 qui
1189 3885 1306 3945 edeam
1318 3884 1393 3945 sun-

292 3961 421 4045 ctionem
438 3967 634 4047 peragendam
650 3978 774 4050 peretus
792 3971 891 4030 fueret
908 3966 949 4053 (α’
959 3969 1075 4050 μέλλον
1086 3965 1141 4053 nir
1164 3972 1328 4052 porrectior
1347 3990 1394 4033 ss·

291 4044 387 4131 iisse)
403 4048 551 4133 collegisse
569 4072 600 4113 ae
613 4063 645 4114 et
654 4063 801 4134 quantum
814 4054 922 4135 pisculi
934 4056 1130 4117 conscisceret
1137 4065 1344 4138 reputantem,
1363 4053 1391 4114 si

290 4128 456 4227 bigamum,
477 4139 563 4199 cuius
575 4138 665 4201 etiem
679 4140 809 4202 secunde
822 4160 902 4201 uxor
920 4140 1162 4219 adlrucviverst,
1183 4160 1252 4201 cam
1268 4141 1393 4201 nuens

289 4232 373 4310 curus
383 4218 454 4276 item
461 4224 586 4283 maritus
599 4225 700 4287 adhue
712 4233 861 4305 superstes
873 4236 959 4305 esset,
980 4226 1174 4289 ecclesiastiea
1183 4226 1392 4287 benedictione

185 4294 208 4350 Ρ
224 4297 278 4356 ³⁸9
294 4312 501 4381 emungeret,
524 4318 697 4373 cucculum
708 4330 770 4373 esee
786 4311 910 4394 prodire
920 4332 961 4375 er
977 4312 1076 4376 alteri.
1117 4321 1193 4376 mne
1204 4321 1391 4375 sutsmcon-
