3100 4850
565 311 644 382 uu
660 310 703 388 Π,
743 311 896 384 Noetu
1200 315 1277 394 649

187 499 247 560 que
265 487 349 542 roten
367 475 517 542 meonbue
536 499 644 558 megae
660 476 772 559 purim
791 477 948 540 bominum
968 474 1166 544 admiratione
1180 490 1211 542 et
1222 501 1278 544 ex-

185 565 355 648 pectatione
364 565 514 646 epeotetie.
543 566 627 646 prior
638 584 742 625 meaee
753 563 917 626 Novembri
931 564 1094 646 superioria
1109 565 1278 634 enni1664

186 651 320 730 ooepieee
332 670 476 730 apparere
487 650 616 710 dicitur:
637 650 691 709 eed
707 671 725 710 e
741 650 933 729 peucietuno
946 659 1083 727 nautae,
1103 669 1204 711 mente
1217 651 1277 714 De-

185 735 297 796 cembri
308 736 508 798 celebritatem
520 743 567 796 eet
580 735 718 815 adeptae,
740 744 805 795 tote
817 743 889 796 aeno
903 735 1040 816 Europe,
1063 744 1155 816 prout
1169 755 1185 795 e
1199 738 1277 796 eori-

182 821 247 901 ptie
260 821 472 900 undeoumque
484 821 614 899 vulgetie
623 819 816 898 intelligitur,
838 821 1106 884 obeerretieeimoe.
1146 820 1278 884 vidimus

183 915 215 965 et
235 926 292 966 noe
311 907 400 966 illum
419 907 530 966 Menoe
550 925 639 988 eeepe
660 906 814 984 otioeequo
828 927 896 968 eam
912 905 956 966 bie
968 916 1016 968 ter
1026 905 1167 970 itinerum
1181 925 1277 983 oome,

184 991 258 1050 orbe
269 990 370 1050 etellee
385 991 500 1072 primae
509 991 721 1070 magnitudinie
735 991 775 1050 etl
788 993 869 1053 oouli
881 991 1026 1054 iudicium
1040 1000 1198 1070 aequante,
1214 991 1281 1052 tut-

184 1095 256 1153 gore
276 1074 446 1155 eubpellido
466 1075 642 1155 micantem,
670 1096 762 1139 oureu
784 1087 931 1138 mentem
955 1075 1134 1150 doeultorio,
1155 1076 1280 1138 mutatio

183 1161 218 1220 in
238 1159 302 1220 biee
321 1161 406 1229 lucie.
447 1162 593 1243 eoripeore
616 1161 654 1222 de
674 1163 729 1222 illo
750 1162 874 1242 plurimi
896 1161 987 1222 buiue
1008 1162 1074 1222 oevi
1092 1171 1278 1242 praeetentee

183 1245 362 1322 nunnoni,
383 1245 436 1326 qui
449 1267 513 1308 mee
528 1248 767 1308 nomenclatione
784 1267 846 1308 non
861 1247 1011 1326 indigent,
1033 1247 1110 1307 fame
1124 1265 1177 1306 aaa
1193 1245 1279 1314 oleri.

183 1329 260 1390 duoe
280 1338 380 1390 umen
398 1333 568 1394 memorabo
584 1333 731 1394 inetinetu
746 1333 824 1412 greti
841 1332 950 1408 enimi,
971 1331 1054 1411 quod
1073 1331 1094 1392 ii
1118 1351 1193 1392 euoe.
1203 1329 1279 1392 mibi

183 1413 246 1474 eioe
269 1417 435 1494 ammenti
456 1418 684 1480 commentitiae
698 1419 864 1494 dommnt,
885 1419 920 1478 D.
933 1418 1075 1478 loannem
1087 1415 1278 1495 Dominicum

183 1497 337 1561 aarum
356 1511 387 1561 et
407 1503 443 1562 R.
454 1502 486 1566 P.
500 1503 641 1565 leoobam
656 1503 829 1585 Grandemy
843 1521 904 1564 eoo.
918 1512 1056 1581 metrae,
1075 1521 1204 1582 quorum
1225 1501 1278 1564 illo

181 1583 308 1664 Romae,
329 1585 381 1646 hio
395 1587 514 1648 Perieiie
526 1609 594 1649 eoee
607 1589 646 1649 de
659 1589 719 1650 ieto
737 1598 851 1650 comete
870 1589 1090 1650 lucubrationee
1105 1587 1275 1654 ediderunt,

181 1669 289 1732 eddam
301 1671 471 1732 unirerem
486 1673 549 1734 eine
560 1673 773 1734 observationis
788 1672 942 1739 hietoriem
957 1673 1062 1754 peucie
1074 1669 1276 1751 comproben-

33 1817 39 1830 ,
180 1775 244 1820 nm
255 1756 396 1822 aaaron
407 1757 930 1837 matbematioielngoletedieneibue,
951 1758 1053 1837 quied
1063 1757 1276 1817 meminerunt.

34 1838 39 1852 '
130 1903 134 1913 ,
181 1842 358 1909 mno1664
372 1855 487 1903 aeneae
500 1844 808 1923 aeunteNouembri,
828 1855 864 1902 ut
879 1841 1004 1902 aliunde
1017 1839 1190 1919 nuntiatur,
1209 1843 1276 1900 iarn

27 1917 30 1942 ¹
180 1937 316 2006 eaortue,
337 1927 525 2008 bepoletadii
536 1935 576 1996 18
587 1929 800 1996 Decembriefi
816 1939 891 1988 mat.
901 1931 1004 2008 primo
1016 1925 1106 1988 nobie
1120 1927 1207 1986 uuae
1220 1934 1276 2002 eet,

180 2012 268 2091 infra
279 2015 434 2091 tropicum
447 2015 628 2094 Capricorni
643 2015 701 2074 eub
711 2026 812 2072 roetro
830 2013 931 2090 Corvi,
947 2011 1045 2076 barba
1060 2009 1170 2070 directe
1180 2031 1202 2068 a
1213 2010 1277 2070 eole

180 2093 287 2156 aereae
305 2117 448 2157 oooaeum
459 2099 620 2160 hiemalem
625 2111 773 2180 protana
785 2109 813 2156 et
826 2099 890 2158 late
902 2119 965 2178 qua
976 2095 1200 2160 terminabatur
1213 2093 1277 2171 dif-

171 2183 265 2258 sura.
311 2186 351 2249 19
373 2184 474 2243 nubre.
516 2188 559 2250 20
572 2189 648 2248 Deo.
662 2187 748 2244 intra
763 2183 915 2243 craterem
928 2193 956 2244 et
974 2183 1113 2244 Corvum.
1154 2185 1206 2253 21,
1225 2185 1277 2258 22,

179 2270 232 2341 23,
246 2269 288 2334 24
300 2265 405 2329 nubre.
432 2269 475 2334 25
488 2270 562 2328 Dea
576 2270 598 2337 4
611 2281 687 2336 mat.
703 2270 791 2349 infra
800 2281 930 2330 venerem
942 2266 1056 2348 Hydri,
1078 2285 1142 2346 qua
1154 2271 1182 2326 ei
1197 2264 1277 2324 Cra·

180 2361 225 2410 ter
245 2354 375 2428 meatu,
397 2351 454 2412 rub
478 2351 543 2415 eod.
557 2365 634 2435 trop.
653 2357 833 2431 oomparuit.
875 2365 969 2434 eaput
979 2353 1040 2412 baa
1050 2349 1100 2412 die
1115 2351 1278 2435 apparenti

179 2434 328 2496 diametro
335 2440 405 2515 fere
410 2458 475 2517 par
493 2441 617 2516 Veneri,
638 2441 767 2499 barbam
781 2440 931 2503 albioaati
947 2440 1013 2499 luae
1026 2435 1220 2517 eplendidam
1233 2430 1280 2493 ad

177 2524 222 2586 80
230 2520 351 2600 gradue
365 2523 501 2582 evibrare
514 2527 625 2585 oleum·
646 2530 699 2600 26,
710 2530 763 2602 27,
777 2528 829 2599 28,
843 2529 884 2588 29
900 2524 1001 2583 nubea.
1023 2528 1065 2589 80
1076 2525 1150 2581 Dee.
1161 2526 1182 2589 9
1196 2540 1277 2599 ⁹0⁸1)-

178 2607 213 2663 in
225 2609 341 2687 Lepore
352 2609 437 2667 velut
449 2612 580 2669 arenitue
591 2613 755 2694 apparuit:
772 2630 847 2669 ream
859 2610 895 2669 ob
907 2610 999 2669 benaa
1011 2610 1160 2669 vicinitati
1173 2602 1278 2667 cauda

176 2688 276 2753 ridere·
295 2713 356 2751 non
368 2696 482 2773 potuit.
520 2716 614 2774 porro
631 2692 758 2754 eundem
770 2694 856 2761 buno
871 2716 942 2753 aum
957 2696 1060 2774 priore
1076 2702 1191 2751 cometa
1206 2710 1278 2767 eeee,

175 2777 360 2855 confirmant
379 2778 600 2844 obseruationee
626 2778 758 2843 mame.
775 2801 856 2860 quae
875 2784 917 2847 28
932 2782 1007 2840 Dea.
1024 2798 1090 2837 eum
1098 2796 1194 2858 prope
1213 2774 1277 2835 ea

173 2882 244 2921 nem
265 2859 426 2940 mauram,
447 2865 584 2925 uleriori
604 2885 700 2943 quam
719 2866 810 2924 initio
830 2876 914 2923 motu
922 2878 1135 2944 propnetam,
1157 2881 1191 2919 ea
1206 2880 1276 2918 ma-

173 2949 279 3005 tutino
302 2951 521 3027 arepertinum,
548 2970 585 3008 ea
610 2950 739 3009 barbato
763 2948 932 3011 caudatam
961 2952 1092 3009 eraeieee
1117 2956 1275 3009 emuntur.

171 3033 218 3097 81
242 3032 379 3091 Decemb-
403 3036 484 3093 inter
501 3034 650 3114 Leporem
672 3045 700 3094 et
720 3034 910 3113 Eridanum,
939 3036 1006 3093 iarn
1025 3034 1156 3093 mauu»
1176 3048 1274 3109 eupra

175 3118 344 3196 Tropiaum
354 3128 473 3177 eveatue
483 3120 733 3198 eonepioiebatur.
773 3119 947 3184 annotasti
961 3125 979 3184 1
989 3118 1141 3192 Ianuarii,
1163 3118 1204 3179 12
1216 3134 1273 3173 nu-

170 3203 253 3273 oete,
276 3200 320 3260 ad
331 3204 517 3278 auetralem,
539 3214 568 3262 et
580 3203 686 3265 eadem
697 3202 749 3261 die
761 3209 782 3267 9
796 3206 966 3282 arepentina
981 3200 1025 3260 ad
1037 3200 1184 3261 borealem
1197 3200 1274 3258 Eri-

171 3282 255 3345 daai
278 3290 381 3365 ripam
404 3289 551 3357 commit.
595 3294 618 3353 2
639 3288 786 3348 imarii
799 3308 895 3367 prope
913 3307 948 3345 oe
968 3286 1043 3345 Ceti.
1083 3285 1190 3349 blan.
1207 3284 1273 3343 Ceti

170 3368 389 3431 mandibulam
410 3375 533 3452 attigit,
553 3392 657 3452 ejrma
680 3374 799 3432 Oriaeti
817 3372 974 3431 obvereum
994 3368 1127 3429 trabem.
1168 3368 1273 3434 41aa.

170 3466 371 3536 aequatorem
392 3460 561 3536 euperavit.
606 3459 626 3523 6
647 3458 716 3517 lan.
736 3458 758 3521 6
778 3476 858 3535 vesp.
880 3458 913 3513 in
932 3452 1052 3514 aaudae
1072 3450 1170 3513 medio
1176 3474 1274 3533 prope

171 3542 318 3602 nucleum
333 3554 464 3603 eoneetae
485 3542 594 3602 lucida
616 3542 696 3619 Ceti,
718 3542 845 3605 umber
860 3538 959 3612 diota,
982 3538 1065 3599 clare
1079 3537 1274 3618 reeplenduit.

173 3624 263 3708 quod
291 3629 383 3691 etiam
408 3624 534 3707 Leodii,
567 3628 736 3703 Oiomueii,
769 3628 918 3704 Viennae,
945 3626 1110 3698 Mantuae,
1139 3626 1274 3703 Progaa

170 3716 343 3786 Lacernae,
367 3710 507 3773 Tridenti
519 3712 577 3773 eub
590 3712 669 3771 idem
683 3724 802 3792 tempus
814 3712 1005 3771 obeervatum
1019 3720 1073 3769 eet.
1117 3704 1198 3769 unde
1211 3708 1275 3766 eol·

172 3799 237 3877 ligi
244 3808 345 3876 poteet
357 3810 503 3857 cometam
513 3799 596 3858 buno
606 3820 705 3857 carere
713 3798 874 3884 parallaxi
883 3796 1030 3874 eeneibe'li,
1051 3792 1186 3873 adeoque
1198 3793 1277 3855 tuna

172 3884 350 3958 infiriorem
376 3902 438 3942 non
459 3904 529 3943 eree.
572 3896 720 3964 quantum
743 3904 810 3943 aero
835 3902 931 3961 eupra
947 3883 1055 3941 lunam
1071 3880 1207 3941 elevatur
1222 3880 1273 3955 eit,
1290 3876 1313 3933 Ρ
1331 3876 1383 3933 165

173 3967 213 4026 ob
236 3970 450 4045 parallaaium
478 3968 724 4029 incertitudinem
746 3966 897 4029 evidenter
925 3964 1130 4025 demonstrari
1157 3966 1274 4043 aequit.

172 4056 208 4128 6,
222 4056 252 4127 7,
264 4056 295 4129 8,
307 4058 338 4128 9,
354 4059 394 4120 10
409 4053 554 4115 Ianuarii
564 4072 619 4135 per
631 4064 726 4135 eaput
741 4056 807 4115 Ceti
821 4050 909 4136 tarde
917 4071 1109 4133 progreerue,
1130 4054 1168 4117 11
1178 4068 1275 4130 prope

173 4141 342 4196 anterioree
357 4140 477 4199 Arietie
493 4138 587 4219 pedee
603 4143 791 4221 eomparuit,
813 4136 917 4198 aauda
934 4138 1067 4197 breviore
1080 4155 1187 4195 aereae
1200 4154 1275 4195 ocu-

172 4222 243 4281 lum
261 4222 363 4283 Tauri
375 4236 556 4303 eaporreeta.
598 4226 720 4291 121an.
736 4230 770 4285 in
780 4246 863 4305 genu
875 4223 1001 4283 Arietie.
1044 4224 1085 4288 13
1098 4232 1125 4281 et
1136 4219 1274 4301 deincepe

173 4326 272 4387 usqeee
292 4306 338 4369 ad
355 4308 378 4373 4
394 4310 557 4371 Februarii
573 4313 686 4371 leutiue
705 4314 740 4370 in
757 4310 824 4371 diee
839 4314 917 4370 inter
927 4320 1036 4389 pereae
1047 4308 1163 4369 Arietie
1176 4319 1203 4369 et
1214 4307 1274 4368 Li-
