3100 4850
294 323 369 394 550
591 321 827 391 OBSERVAT.
849 319 1086 390 PACHYMER.

382 481 598 570 βεβράναις
618 508 651 570 p.
668 485 732 556 492
743 509 774 549 v.
791 490 840 554 19.
881 485 925 546 ita
944 487 1135 548 concorditer
1152 495 1216 548 tres
1235 485 1325 546 codd
1338 486 1397 546 nisi

298 575 382 656 quod
398 574 465 634 Vst.
482 575 519 634 ad
540 575 703 656 βεβράναις
719 574 804 634 addit
814 574 988 657 capnioop,
1009 573 1117 632 omissa
1129 592 1204 632 soce
1217 565 1299 636 aios.
1341 589 1399 630 eo·

294 663 355 726 luit
369 661 478 742 opinor
489 680 601 741 ponere
613 655 671 724 osis
684 659 788 746 πίσσῃ,
809 668 844 718 nt
858 658 1038 737 significaret
1050 659 1146 738 picem
1159 658 1292 717 additam
1304 677 1399 716 mem·

296 747 400 809 hranis
417 746 536 806 urendie
550 766 641 828 supra
663 759 754 825 caput
777 745 930 816 Calo‘idne3
952 745 1003 824 qui
1018 745 1063 804 sic
1080 743 1198 824 capillis
1209 742 1328 805 {lamma
1342 763 1397 821 ap·
1502 774 1503 789 1

297 833 410 916 plicata
430 831 576 911 correptis
597 840 772 890 excaecatus
794 829 884 889 miser
901 841 955 891 est.
1000 824 1163 911 βεβρᾶναις
1185 836 1259 908 puto
1282 829 1398 888 dictum

298 939 356 1000 pro
368 911 531 998 μεβρᾶναις
544 937 582 976 ex
592 937 666 975 voce
681 916 784 974 Latina
798 915 1008 975 membranae:
1029 914 1103 993 qnid
1113 916 1193 974 enim
1206 913 1289 973 aliud
1303 915 1401 993 suspi-

300 1003 374 1064 cerl
396 1003 469 1081 quin
482 1003 539 1062 nisi
554 1021 600 1062 me
612 1003 774 1060 deterreret
787 1021 948 1060 consensus
963 999 1114 1072 codicum,
1137 1000 1289 1059 crederem
1299 1019 1399 1058 errore

300 1089 492 1149 librariorum
515 1087 662 1166 scriptum
684 1079 849 1168 βεβρᾶναις
869 1107 925 1166 pro
941 1081 1121 1166 μεβρᾶναις,
1143 1105 1179 1144 eo
1192 1084 1400 1164 deceptorum,

300 1175 383 1254 qnod
404 1171 562 1252 inprimis
582 1172 802 1251 exemplaribus
822 1173 904 1231 unde
923 1172 1120 1250 exscripsere,
1147 1167 1183 1234 ed
1204 1171 1226 1250 β
1248 1189 1282 1228 ea
1305 1169 1401 1247 ligure

299 1260 476 1341 pingeretur
492 1275 567 1336 quse
583 1277 688 1336 parum
702 1257 796 1316 distat
810 1279 826 1315 a
841 1281 872 1337 μ.
914 1255 974 1314 hoc
994 1255 1060 1314 lieri
1082 1254 1257 1335 plerumque
1279 1255 1402 1314 solitum

302 1363 381 1420 asse,
402 1353 516 1403 norunt
527 1341 579 1420 qui
591 1343 623 1403 in
637 1341 773 1402 codicum
791 1342 972 1403 Graecorum
988 1361 1082 1401 mann
1093 1350 1282 1401 exaratorum
1296 1341 1403 1400 lectio-

301 1450 341 1489 ne
355 1428 465 1488 sarsati
482 1436 564 1487 sunt.
605 1427 707 1487 locum
727 1447 820 1508 porro
842 1427 941 1503 hunc,
963 1436 1001 1485 nt
1013 1427 1046 1486 in
1059 1426 1147 1490 codd.
1161 1427 1279 1486 dnobus
1297 1425 1403 1484 Beth

300 1515 470 1588 legebatur,
493 1511 710 1572 emendandum
731 1531 769 1572 ex
791 1512 934 1572 Vaticano
952 1512 1075 1591 putavi,
1096 1513 1238 1571 restituto
1258 1512 1404 1572 inlocum

302 1598 389 1661 verbi
405 1589 474 1660 otios
487 1599 532 1681 τῷ
548 1593 606 1660 orie
618 1599 729 1683 πίσσῃ,
747 1597 830 1676 quod
846 1599 900 1658 ills
913 1598 1045 1676 suggerit
1066 1597 1137 1657 satis
1149 1597 1187 1657 ad
1201 1617 1268 1656 rem
1282 1597 1402 1658 faciens.

391 1679 541 1756 Βέκλας
567 1704 600 1763 p.
627 1688 669 1750 28
693 1702 723 1744 V.
747 1683 796 1750 14·
837 1680 873 1747 rei
894 1679 1015 1764 συμβᾶν
1035 1681 1085 1746 ἐπὶ
1106 1686 1148 1767 τῷ
1167 1676 1264 1745 πάλαι
1283 1682 1404 1754 Βέιλας.

303 1767 460 1828 notissima
479 1777 525 1828 ast
547 1766 714 1848 impostura
735 1767 852 1844 Photii,
882 1788 940 1847 qua
964 1767 1010 1827 sni
1025 1767 1246 1828 revocationem
1264 1767 1302 1827 ab
1317 1767 1404 1826 exilio

303 1853 475 1914 eblanditus
488 1863 533 1914 est
547 1875 563 1912 a
578 1855 702 1934 decepto
717 1853 827 1913 Basilio
839 1853 1038 1933 imperatore,
1060 1853 1194 1913 fabulosa
1214 1853 1278 1911 eins
1298 1867 1405 1930 genea-

303 1939 383 2018 logia
410 1940 584 2019 supposita,
608 1939 641 1998 in
662 1961 720 2018 qne
741 1940 840 2019 ipsum
861 1938 1005 1998 basilium
1018 1937 1199 2020 prophetice
1219 1937 1407 2016 designatam

307 2024 588 2084 comminiscebatur
601 2023 748 2086 vocubulo
764 2025 878 2083 Beclaa
893 2024 1021 2084 formato
1038 2044 1053 2083 e
1077 2024 1182 2104 primis
1194 2023 1292 2084 literis
1311 2023 1408 2084 nomi·

305 2129 381 2170 num
395 2109 495 2169 Basilii
507 2108 619 2190 ipsius,
641 2119 708 2169 tum
723 2107 814 2168 huius
828 2109 961 2186 coniugis
974 2109 1143 2185 Endociae,
1164 2109 1298 2170 liliorum
1318 2127 1408 2188 pres-

307 2203 387 2254 tares
402 2195 499 2276 ipsine
512 2204 658 2274 quatuor,
681 2194 888 2269 Constantini,
911 2195 1030 2272 Leonis,
1052 2194 1233 2269 Alexandri,
1254 2193 1409 2272 Stephani.

309 2299 344 2338 ea
359 2281 426 2340 fuse
438 2290 600 2340 narrantur
621 2280 755 2340 aNioata
772 2281 807 2340 in
822 2281 886 2342 vita
909 2281 939 2340 S.
953 2279 1064 2359 ignatii
1085 2277 1275 2362 patriarchae
1288 2279 1336 2340 (ΣΡ
1349 2291 1409 2340 eta

308 2365 507 2427 Constantino
523 2365 666 2427 Manasse.

394 2446 550 2534 Bloiyae
570 2474 602 2531 p·
618 2450 679 2519 365
702 2472 731 2513 v.
748 2447 799 2519 14.
841 2446 876 2514 cd
897 2446 930 2512 dl
948 2445 1090 2533 πρὸςτόν
1110 2445 1240 2533 Βλᾶγκα.
1283 2450 1329 2509 ita
1340 2450 1408 2511 cod.

309 2534 487 2601 dllatianns.
520 2537 700 2597 Barbariana
727 2556 800 2597 vero
825 2533 859 2599 sd
881 2531 956 2616 πρός
981 2542 1024 2622 τῷ
1042 2531 1165 2621 Bloipep
1191 2536 1411 2601 noerooedlsoe.

309 2620 475 2681 Vaticanus
496 2622 559 2681 sine
576 2623 727 2683 mentione
746 2622 957 2687 aoerooaetioo
971 2621 1016 2681 sic
1036 2619 1139 2680 habet:
1159 2618 1193 2684 ni
1209 2618 1243 2683 dl
1262 2618 1345 2702 πρὸς
1359 2617 1412 2684 rie

311 2702 468 2788 Rhipaeo,
485 2707 519 2767 id
539 2709 673 2769 referans
693 2707 730 2767 sd
743 2726 850 2767 vocem
867 2702 1012 2786 νεώριον,
1033 2707 1161 2782 novole,
1182 2707 1320 2787 superins
1335 2728 1413 2789 pou-

310 2799 383 2852 tam.
418 2792 492 2871 quid
512 2793 604 2852 fuerit
623 2792 676 2852 hic
694 2792 820 2853 Blanea
839 2792 888 2853 sel
911 2793 1066 2868 Blancuo,
1088 2792 1122 2849 in
1141 2793 1347 2853 monumentis
1361 2802 1414 2851 ent

311 2875 564 2954 descriptionibus
580 2877 927 2958 Constantinopolitanae
933 2877 1017 2939 urbis
1027 2876 1160 2958 reperire
1169 2878 1307 2937 nondum
1320 2878 1415 2958 potui.

398 2955 596 3041 βοασμοός
626 2984 655 3041 p.
677 2962 739 3029 856
758 2982 790 3021 r.
809 2967 839 3028 ’1.
882 2963 927 3021 sic
953 2964 1084 3043 optimus
1105 2963 1203 3023 codex
1224 2964 1417 3039 Barberinus,

314 3042 401 3103 cuins
418 3046 593 3105 anctoritate
615 3046 825 3124 corrigendum
839 3057 979 3127 putamus
997 3048 1179 3107 bllatiannm
1195 3048 1247 3127 qni
1262 3042 1417 3129 βοασκοῦς
1508 3097 1509 3102 1

314 3128 393 3189 clare
409 3129 489 3209 tegit.
531 3150 601 3189 nam
617 3142 647 3191 et
659 3132 838 3207 Vaticanus,
860 3132 934 3192 licet
948 3133 980 3193 in
998 3132 1058 3192 boo
1071 3134 1221 3193 vocabulo
1236 3134 1417 3210 balbutiens,

313 3214 408 3293 magis
431 3216 470 3275 ad
491 3216 687 3277 Barberinum
707 3218 854 3292 inclinat,
883 3216 957 3279 dnm
977 3218 1021 3277 sic
1042 3218 1164 3278 exhibet
1190 3218 1275 3280 hunc
1298 3219 1418 3279 locum:

315 3296 372 3374 οὓς
384 3295 421 3375 dai
439 3298 595 3382 βοασμοΰς
609 3303 642 3368 oi
654 3302 754 3367 κοινοὶ
771 3304 919 3387 λέγουσιν.
962 3314 1086 3383 apparet
1097 3303 1204 3365 boatus
1220 3305 1337 3365 Graeca
1350 3304 1418 3363 lin-

315 3404 372 3463 gua
383 3387 502 3465 vulgari
517 3385 671 3471 βοασμούς
691 3388 806 3466 dictos,
834 3398 864 3449 et
883 3398 1025 3470 prompta
1041 3399 1086 3450 est
1105 3390 1264 3469 originatio
1289 3385 1419 3454 dadraei

286 3485 292 3496 ·
315 3469 395 3551 βοᾶν
408 3480 437 3531 et
450 3466 585 3552 βοᾶζειν,
606 3474 687 3537 unda
699 3477 812 3537 rectior
825 3474 960 3554 analogia
974 3475 1076 3556 potius
1092 3468 1229 3558 peropto
1241 3476 1421 3537 tormaverit

314 3575 403 3635 qnam
418 3554 563 3637 βοασκόν.
614 3590 620 3597 -

402 3646 555 3725 Γαβρᾶς
583 3664 613 3725 p.
634 3646 698 3713 282
718 3666 748 3709 v,
773 3650 822 3713 10.
873 3644 996 3706 invenio
1020 3638 1125 3727 Γᾶβρα
1149 3664 1259 3706 nomen
1285 3644 1420 3705 civitatis

315 3724 451 3787 Persicae
462 3750 477 3786 a
482 3730 544 3807 pud
560 3730 778 3807 Ptolemaenm3
800 3750 839 3789 ex
852 3750 910 3808 qua
920 3730 1046 3791 maiores
1060 3731 1201 3793 Germani
1215 3730 1421 3811 patriarchae,

318 3808 355 3869 de
377 3832 436 3890 quo
456 3812 506 3873 hic
526 3816 642 3891 agitur,
671 3824 754 3876 ortos
778 3816 924 3894 oportuit.
968 3826 1120 3877 caeterum
1142 3818 1220 3877 ratio
1236 3811 1423 3888 ἐπιθέσεως

318 3896 451 3974 exigeret
464 3908 499 3957 nt
515 3921 533 3957 a
550 3899 647 3958 Gabra
660 3901 772 3978 gentile
786 3921 896 3961 nomen
911 3902 1106 3978 formaretur,
1128 3902 1210 3980 qnod
1223 3902 1424 3981 responderet

210 3988 301 4045 unta
318 3984 363 4063 τῷ
384 3977 494 4055 stridor.
538 3984 597 4043 nisi
624 3994 724 4043 noster
748 3988 870 4066 Γαβρᾶς
890 3986 922 4044 in
946 3997 1029 4047 recto
1054 4008 1109 4067 pro
1133 3980 1271 4068 Γαβρεύς
1291 3996 1346 4047 aut
1362 3990 1424 4049 re·

318 4067 425 4207 dpulioe
438 4069 588 4165 posuerit,
609 4089 715 4131 norma
735 4072 866 4151 quedam
885 4090 939 4131 sna
953 4074 1095 4153 propria,
1117 4079 1153 4133 nt
1166 4080 1248 4133 amat
1259 4090 1330 4131 oum
1344 4090 1424 4153 pan-

319 4169 362 4207 on
389 4172 470 4227 0an.

407 4240 638 4315 Γασμοῦλοι
664 4248 694 4297 et
714 4234 994 4319 raepoonma'v
1024 4244 1136 4321 p·8⁰9
1159 4260 1190 4303 v·
1211 4245 1262 4307 14.
1312 4240 1425 4319 vulgm

319 4310 518 4390 Byzantinnm
537 4320 687 4399 llybn'das
702 4342 740 4385 ex
763 4324 877 4387 Latinis
898 4325 1051 4406 patribus,
1075 4326 1222 4389 matribus
1235 4326 1358 4387 Graecia
1371 4344 1427 4385 na·
