3100 4850
456 325 458 331 ’
502 369 582 442 un.
595 369 654 440 nr.
693 369 1062 447 mnononoemus.
1261 375 1337 448 75⁵

247 528 306 626 ffl
337 527 459 622 fflffi
479 527 489 572 ¹
513 529 601 626 affl
679 537 853 600 coniuratio
887 537 1072 622 deprebenoe
1096 538 1130 598 in
1157 538 1335 620 Angustum,

336 630 459 676 olen-W·
489 629 595 678 Pel-ool·
637 623 721 684 cuiue
760 624 927 705 suspicione
959 625 1050 686 etiem
1085 625 1228 686 Arseniue
1262 629 1337 689 exul

236 691 315 757 1266
394 690 416 751 2
538 692 560 754 7
635 707 819 790 aspergitur:
853 710 907 770 eod
934 711 986 772 ille
1014 711 1216 773 innocentium
1249 733 1334 773 ruem

634 797 750 876 probet
792 795 833 857 rb.
849 815 877 857 e.
892 795 942 863 16.

177 948 182 963 '
232 963 312 1026 1267
359 1003 361 1009 ·
393 960 413 1020 3
537 965 557 1028 8
673 960 840 1041 Imperator
849 959 1084 1022 tnemnomm
1095 962 1222 1023 nulriema
1233 966 1334 1045 repri-
1350 979 1374 1035 1’
1388 979 1439 1036 5³5

632 1065 713 1107 mere
731 1055 867 1108 cenatur.
908 1047 972 1108 eiue
984 1066 1019 1107 ee
1033 1047 1070 1108 de
1083 1065 1118 1108 re
1131 1049 1172 1109 ed
1184 1051 1331 1132 populum

630 1133 738 1195 oratio.
779 1130 1027 1212 Pachym.411,
1082 1193 1085 1199 ,

672 1217 738 1280 Hoc
752 1237 832 1278 runo
842 1217 1022 1278 translitum
1035 1216 1217 1279 Germanum
1231 1238 1249 1278 e
1260 1219 1331 1280 eede

628 1300 896 1382 Adrienopolitane
917 1303 950 1362 iu
970 1303 1330 1384 Constantinopolim

628 1389 816 1448 verisimilior
828 1397 915 1468 puto.
929 1422 942 1461 0
1090 1454 1096 1474 x

669 1473 744 1534 Nem
765 1473 799 1532 id
823 1493 861 1536 ne
876 1474 991 1534 sectum
1001 1473 1168 1534 existimem
1181 1494 1260 1534 anno
1273 1495 1329 1535 eu-

628 1559 753 1638 periori‚
773 1559 848 1620 iecit
859 1559 1008 1640 primum,
1029 1558 1197 1636 quodcum
1211 1560 1328 1620 Arrenii

625 1644 769 1704 iudicium
782 1644 953 1704 absolutum
966 1644 1059 1703 luerit
1073 1644 1129 1704 nub
1142 1645 1232 1704 finem
1245 1645 1326 1722 Maii,

625 1739 661 1790 ul
691 1729 800 1790 diserte
824 1730 919 1790 trudit
947 1728 1160 1808 Pncbymereo,
1196 1732 1326 1811 epatium

625 1816 707 1894 qnod
723 1814 849 1876 indeed
865 1815 945 1876 diem
955 1814 1152 1890 Penteooetee,
1169 1835 1230 1893 quo
1246 1814 1327 1875 idem

623 1900 836 1980 iueugurrtum
843 1901 1026 1962 Gauranum
1037 1899 1177 1976 affirmet,
1187 1920 1256 1960 cum
1263 1921 1327 1960 nou

623 1987 757 2065 potuerit
769 2005 832 2046 esee
842 1987 911 2067 plne
926 2005 1016 2065 quam
1028 1993 1098 2045 octo
1113 1985 1246 2060 dierum,
1268 2005 1326 2044 an-

622 2072 734 2150 gmtiue
751 2081 798 2131 cet
813 2092 904 2150 quum
919 2079 957 2131 ut
971 2089 1076 2151 capere
1087 2071 1183 2150 poerit
1197 2070 1325 2148 inquisi-

622 2157 735 2217 tionem
748 2164 780 2217 et
791 2155 1034 2217 deliberationem
1046 2155 1164 2234 eynodi,
1176 2163 1243 2214 tum
1257 2157 1324 2215 eul-

621 2241 723 2320 lrugiie
750 2243 782 2302 in
812 2242 987 2304 electionem
1017 2242 1158 2300 Germani
1187 2239 1321 2320 perlatio,

620 2327 738 2409 longam
753 2326 816 2389 eine
826 2347 883 2388 nec
894 2326 952 2387 nini
962 2345 1016 2406 per
1028 2325 1141 2388 multoe
1153 2323 1216 2384 dien
1225 2326 1323 2384 itere-

621 2413 661 2473 tie
688 2412 878 2493 impereturie
901 2412 1038 2494 precibun
1061 2411 1172 2471 victam
1193 2409 1323 2488 denique

619 2500 845 2560 recusationem
878 2498 1019 2559 credibile
1033 2499 1122 2557 etiem
1135 2506 1181 2555 eet
1194 2504 1322 2556 enume-

619 2584 756 2645 bundum
775 2584 887 2663 elioqui
900 2593 932 2644 et
948 2583 1196 2663 circumspectum
1211 2590 1322 2641 cuncte

618 2668 739 2730 oolitum
760 2670 971 2751 imperatorem
990 2668 1074 2729 hond
1095 2668 1196 2727 rtatim
1213 2686 1321 2727 aueum

618 2754 798 2816 substituere
808 2755 899 2815 elium
906 2752 1042 2829 bruenio,
1052 2752 1225 2833 priuequem
1234 2772 1321 2811 more

619 2849 650 2900 et
663 2841 847 2921 experientia
859 2840 1051 2920 comperiuet
1062 2838 1094 2897 id
1106 2858 1138 2896 ee
1149 2846 1219 2897 tuto
1232 2846 1264 2896 et
1273 2838 1320 2897 ei-

616 2934 666 2985 tre
688 2927 840 3007 publicam
865 2924 1056 2986 offenrionem
1079 2925 1240 2983 sucturum.
1282 2942 1319 2983 oo

617 3030 686 3072 cum
701 3012 818 3092 perlato
832 3010 940 3071 nuntio
954 3008 992 3068 de
1005 3027 1125 3069 nomnen
1137 3005 1319 3068 Antiocheni

614 3096 814 3175 patriarchae,
835 3113 928 3173 equo
942 3102 978 3155 nt
989 3094 1126 3154 viciniori
1139 3093 1239 3151 timeri
1249 3092 1317 3171 plue

614 3188 735 3257 poteret
755 3199 847 3257 quom
868 3180 907 3237 eb
929 3178 1133 3239 Alexandrino
1151 3185 1218 3236 toto
1238 3177 1316 3236 meri

615 3263 722 3339 diviso,
738 3264 886 3326 animatus
898 3262 939 3323 ed
952 3262 1126 3324 rudendum
1136 3262 1248 3336 fideret,
1262 3282 1315 3321 re·

612 3347 766 3408 tardetum
780 3356 882 3407 tamen
893 3356 975 3408 metu
987 3348 1122 3409 samonis
1130 3345 1315 3407 dreenieno-

614 3453 693 3511 rum,
707 3452 833 3493 numero
847 3441 879 3492 et
891 3433 1006 3493 viribon
1019 3432 1210 3512 augementis,
1221 3451 1313 3509 quem

614 3519 653 3579 ud
671 3517 915 3599 compescendum
932 3518 1025 3579 reriie
1038 3517 1154 3577 artibus
1166 3517 1312 3577 incubuit.
1437 3512 1442 3530 ⁸

611 3603 785 3665 existimem
804 3612 905 3663 eutem
924 3603 1105 3663 invaleecere
1122 3603 1205 3662 illem
1220 3622 1313 3661 enar·-

611 3690 678 3751 chie
693 3690 824 3769 erlongo
837 3689 992 3750 vecrtione
1007 3689 1100 3763 redit,
1121 3688 1234 3768 populo
1252 3707 1311 3767 pe-

610 3786 721 3837 etorem
740 3785 874 3836 emotum
897 3774 968 3835 ideo
991 3774 1118 3835 fortem
1136 3772 1310 3851 requirente
1443 3762 1476 3779 ”

609 3863 692 3943 quod
710 3871 896 3943 prementem
912 3860 1158 3939 qualemcumque
1175 3878 1238 3917 non
1259 3857 1310 3917 vi-

609 3944 710 4024 deret,
732 3948 899 4009 decreverit
918 3946 1099 4006 Germanum
1119 3960 1309 4022 promovere,

608 4032 703 4095 fidum
718 4033 773 4093 eibi
786 4043 817 4093 et
830 4032 934 4112 vulgo,
954 4040 990 4093 ut
1002 4030 1173 4112 oppetebat,
1191 4028 1308 4109 gretie-

608 4139 674 4180 eum
687 4117 848 4179 hominem.
875 4138 937 4199 quo
947 4119 980 4177 in
994 4113 1224 4199 patriarchalem
1236 4130 1309 4173 eve·

608 4214 658 4265 eto
670 4202 827 4277 thronum,
846 4224 916 4264 cum
929 4201 1023 4264 nibilo
1035 4201 1152 4281 seguine
1166 4199 1308 4260 Artenia·

607 4310 716 4351 norum
730 4290 832 4351 studio
846 4290 974 4367 flagrore
988 4293 1162 4368 pergerent,
1184 4283 1308 4344 ebroin-

606 4375 721 4439 tiouem
738 4376 780 4437 nb
798 4394 836 4437 eo
856 4374 930 4437 dore
954 4373 1026 4435 licet
1044 4378 1153 4457 pareto
1176 4368 1307 4432 noluerit
