3100 4850
620 363 865 435 PRAEFATIO.
1250 389 1288 430 rx

198 552 246 606 tus
276 534 464 603 oubcdoxus
495 545 574 602 esset
599 535 829 616 Psenmau,
857 528 955 596 miurus
973 529 1102 600 inruet.
1143 543 1214 599 sunt
1232 553 1291 600 vo·

196 664 278 706 neno
299 651 431 706 camntes
456 650 488 704 et
511 658 635 727 prorsus
657 633 774 700 innoxii
804 645 973 720 serpentes:
999 635 1056 700 sed
1080 634 1290 700 iitheriacem

197 755 262 810 non
281 745 403 808 faciunt.
424 741 556 828 riperta
582 759 661 825 opus
688 749 733 802 eet
759 735 874 802 exitiali
901 757 990 802 succo
1014 736 1162 820 turgidis,
1188 740 1291 802 hsthuli

196 847 288 912 dente
310 845 446 923 intectis,
477 841 561 908 unde
581 843 709 905 satutare
738 839 1012 924 alexipharmacon
1038 842 1134 926 possit
1154 843 1291 908 existere.

195 949 274 1014 adeo
294 950 382 1013 malis
405 943 559 1009 interdum
589 944 679 1006 etiam
699 953 730 1005 et
748 942 884 1028 pestibus
904 961 962 1004 sua
986 940 1064 1003 inest
1081 947 1208 1011 ιιιίῑὶωέ
1231 947 1292 1007 ha-

195 1055 251 1116 hes
273 1073 325 1114 cur
344 1071 409 1112 non
428 1045 591 1112 tolerabitis
612 1047 730 1124 solum,
757 1041 814 1108 sed
839 1045 932 1108 etiam
955 1041 1127 1130 expetibilis
1145 1048 1292 1112 schisma-

195 1153 249 1216 tici
278 1151 429 1238 scriptoris
459 1145 551 1210 editio
579 1147 629 1211 sit.
671 1159 822 1212 caeterum
850 1146 908 1210 etsi
926 1168 991 1210 non
1009 1145 1109 1226 magis
1128 1146 1293 1231 pericnlum

197 1277 266 1319 esee
286 1253 380 1319 video
401 1270 441 1312 ne
460 1247 628 1316 catholicus
648 1272 667 1314 a
687 1250 1024 1332 Pachymatislectione
1036 1248 1170 1312 schisma
1192 1244 1295 1326 discet,

197 1375 293 1442 quom
312 1376 352 1416 ne
380 1351 574 1429 Christianus,
606 1351 733 1446 deomm
758 1357 904 1418 falsorum
929 1352 1046 1439 passim
1066 1358 1240 1414 occurrente
1260 1347 1294 1410 in

197 1457 280 1520 tibris
309 1455 452 1520 Veterum
480 1450 603 1519 Graecis
630 1458 804 1544 Latinisque
834 1458 928 1536 vulgo
955 1453 1032 1518 tritis
1055 1451 1232 1530 mentione,
1260 1449 1293 1512 in
1339 1509 1343 1516 .

197 1553 396 1622 idololatriam
426 1559 632 1643 pertrahetur,
663 1558 735 1624 dedi
764 1571 866 1624 tamen
898 1556 1074 1638 diligentem
1102 1573 1228 1640 operam
1257 1551 1291 1614 in

194 1659 282 1724 Notis
302 1659 342 1724 ad
366 1660 482 1740 singula
512 1660 579 1722 ioca
600 1664 774 1741 maculosa,
806 1683 847 1726 ne
873 1658 1040 1724 calumniae
1069 1677 1105 1720 ac
1130 1651 1290 1719 mendacia

194 1761 318 1847 impone
338 1760 467 1842 auctori,
487 1760 588 1824 standi
609 1765 711 1828 lectori
730 1766 841 1827 forent.

277 1913 332 1980 IV.
376 1912 473 1994 Quod
499 1925 649 2001 superest,
676 1913 820 1980 editionis
843 1914 935 1980 huius
958 1911 1082 1980 conniis
1112 1931 1218 1976 canem
1241 1912 1290 1972 fa-

195 2015 321 2076 tuitates
340 2024 497 2098 totamque
509 2017 660 2076 rationem
677 2014 854 2074 adiumnti
869 2033 995 2090 uper-un
1009 2015 1087 2076 mihi
1099 2035 1149 2090 ne,
1170 2033 1292 2097 quaeso,

201 2132 360 2192 gravere,
394 2113 511 2183 lector,
547 2116 672 2175 omem
715 2106 919 2170 commodare.
970 2115 1092 2170 sanctae
1129 2114 1297 2172 memoriae

197 2208 384 2275 mutuos
411 2205 549 2292 pontifex
575 2206 649 2272 eius'
666 2206 800 2272 nominis
824 2208 961 2274 Octavus
987 2206 1050 2272 duo
1073 2207 1216 2272 historica
1235 2211 1296 2275 Pa-

195 2312 346 2396 chymeris
366 2333 478 2400 opero,
497 2311 625 2377 totidem
645 2308 792 2375 distinctis
810 2311 1026 2378 trammerinea
1038 2332 1081 2374 ¹ac
1101 2312 1294 2398 perantiquae

193 2437 302 2480 manns
318 2428 438 2480 mnata
450 2415 679 2491 voluminibus,
698 2413 732 2477 in
757 2435 814 2479 sno
834 2417 975 2479 theseum
1002 2411 1122 2477 librario
1142 2418 1292 2494 servabat,

194 2518 311 2597 integra
330 2529 361 2581 et
379 2517 462 2581 haud
488 2522 579 2605 poulo
599 2515 719 2580 saniore
744 2536 836 2601 quam
860 2537 940 2603 quaa
965 2516 1154 2597 Augustanus
1172 2517 1294 2584 Wolfio

198 2618 282 2683 rhus
305 2617 401 2683 codex
426 2622 539 2686 habuit
582 2620 663 2708 prior
687 2628 789 2683 tomus
814 2618 847 2681 in
874 2620 968 2685 libros
999 2620 1124 2689 tributus
1155 2644 1211 2687 sex
1230 2623 1295 2689 Mi-

198 2719 308 2784 che'eiis
328 2721 503 2805 Palaeologi
521 2744 570 2788 res
590 2730 688 2804 gestas
708 2732 779 2785 ante
792 2721 954 2809 imperium
966 2734 998 2785 et
1010 2722 1044 2785 in
1055 2724 1183 2810 imperio
1204 2746 1291 2791 enar-

194 2834 256 2903 rat,
277 2824 354 2887 alter.
371 2824 457 2888 libris·
472 2836 590 2911 septem
608 2844 751 2907 magnam
771 2836 888 2911 partem
908 2836 1042 2889 actorum
1070 2825 1154 2907 tongi
1178 2826 1292 2913 princi·

194 2934 288 3009 patos
310 2922 472 2990 Andronici
492 2924 627 2991 Senioria
652 2928 786 2992 exhibet.
826 2937 987 3013 utrumque
1012 2926 1100 2990 illum
1126 2947 1200 2992 ase
1219 2950 1290 3016 per-

194 3028 307 3091 lectum
339 3028 609 3101 commentarium,
627 3048 683 3117 pro
709 3048 746 3091 eo
772 3048 832 3115 qua
860 3030 981 3095 valebat
1007 3026 1141 3095 Graecae
1168 3030 1290 3112 linguae

194 3129 302 3214 peritia
328 3127 520 3195 doctissimus
543 3130 572 3195 is
597 3131 749 3217 pontifex,
777 3129 903 3213 dignum
928 3130 982 3217 qni
1006 3130 1114 3195 Latine
1140 3134 1289 3223 legeretur

194 3230 365 3309 indiction
385 3232 478 3321 idque
502 3242 536 3295 ut
554 3244 726 3318 procuraret
744 3232 977 3299 iemiliarissirno
1006 3245 1037 3297 et
1060 3232 1208 3297 fidissimo
1228 3231 1289 3296 sibi

196 3337 300 3420 capiti,
332 3334 581 3399 Eminant'ueimo
617 3332 767 3399 cardinali
793 3332 1021 3401 Fasuctsco
1047 3330 1288 3398 BARBERINO

195 3432 305 3501 Frenis
331 3436 426 3514 Filio,
449 3456 543 3523 saepe
562 3436 758 3523 impensaque
779 3437 1012 3503 commendavit.
1055 3454 1147 3519 qnam
1167 3433 1288 3500 adhoc

195 3535 248 3599 illo
266 3560 320 3624 per
336 3540 396 3603 hos
415 3558 512 3603 annos
533 3538 654 3619 viginti,
676 3551 707 3602 et
727 3538 810 3624 quod
831 3540 978 3616 excurrit,
1000 3536 1186 3616 diligentiam
1198 3538 1289 3602 adhi-

194 3640 310 3719 buerit,
328 3640 478 3703 infinitum
498 3640 537 3703 sit
555 3642 672 3705 minuta
691 3640 838 3727 persequi.
877 3643 951 3707 satie
971 3638 1060 3701 tuerit
1080 3638 1190 3707 dixisse
1209 3642 1287 3706 nihil

192 3739 227 3803 in
246 3742 309 3805 hnc
330 3762 438 3822 genere
458 3740 542 3828 quod
562 3754 722 3830 utcumque
735 3744 852 3810 vtentari
873 3752 990 3829 posset,
1018 3744 1057 3805 ab
1085 3764 1125 3806 eo
1153 3762 1287 3830 unquam
1354 3808 1358 3814 ,

195 3843 355 3929 uspiamve
373 3846 625 3930 praetermissum.
668 3848 793 3926 obtulit,
820 3844 975 3924 nouat,
1009 3845 1139 3927 rogarit,
1171 3845 1288 3933 promi-

197 3943 249 4023 sit,
276 3966 356 4010 voce
384 3968 504 4024 coram,
532 3949 647 4035 scriptia
675 3950 786 4024 literis,
813 3968 869 4034 per
893 3949 1010 4013 amicos
1038 3947 1194 4013 moventis
1215 3943 1288 4008 viris

199 4042 310 4112 doctis:
331 4046 412 4111 nihii
428 4049 556 4137 denique
575 4072 638 4113 noo
659 4052 734 4131 egit,
755 4070 816 4134 quo
834 4048 1013 4133 Pachyroeri
1032 4050 1131 4115 Latini
1150 4042 1289 4112 aiictrnda

197 4146 364 4232 interpretis
376 4164 554 4237 ‚suppeteret
574 4152 676 4238 copia,
703 4152 807 4217 miodo
829 4154 921 4217 etiarn
941 4155 1046 4239 procui
1066 4162 1149 4215 enta
1168 4146 1287 4214 ltatiatn

197 4246 272 4333 ipsis
305 4250 456 4319 codicibus
484 4254 670 4339 archetypis,
697 4255 782 4343 quasi
803 4265 837 4317 nt
854 4274 942 4318 suam
960 4274 1016 4339 per
1034 4272 1068 4315 se
1088 4250 1146 4336 ipei
1166 4269 1289 4317 oausam

197 4362 321 4431 agarena
346 4364 378 4417 st
404 4354 630 4431 mnersuonem
660 4366 833 4456 praesentes
869 4376 905 4418 ae
939 4352 1089 4446 supptices
1113 4360 1289 4430 moverem
