3100 4850
462 995 698 1106 rnnaus
749 990 1054 1070 possmus

347 1182 393 1284 L
474 1179 515 1284 li
602 1177 640 1286 C
729 1177 779 1284 T
863 1177 911 1286 0
995 1175 1044 1283 R
1129 1177 1166 1285 l.

657 1447 866 1458 —..,.....*....

210 1603 322 1741 Quod
341 1681 421 1722 nunc
449 1658 583 1746 primurn
612 1677 630 1722 e
652 1654 796 1723 Graeciae
823 1659 985 1742 naufragiis
1012 1655 1137 1740 emergit
1158 1653 1307 1738 Georgius

195 1763 427 1845 rl'achymeres,
457 1759 618 1822 historicus
645 1783 708 1824 non
728 1763 832 1824 minus
852 1765 964 1848 alioqui
984 1765 1050 1826 luce
1071 1763 1179 1843 dignus
1199 1761 1307 1823 Latina

207 1887 300 1952 quam
322 1866 410 1927 multi
434 1862 499 1924 eius
520 1862 661 1944 aequales
681 1883 716 1923 ac
736 1863 851 1946 posteri
870 1865 931 1925 iarn
952 1863 1068 1948 pridem
1089 1865 1170 1949 typis
1190 1874 1220 1926 et
1238 1864 1308 1924 lite-

207 1968 250 2030 ris
280 1965 410 2046 evulgati
438 1963 636 2034 nostratibus,
668 1982 734 2022 non
762 1963 828 2024 sola
861 1962 1017 2049 infelicitas
1043 1965 1098 2027 sed
1124 1968 1210 2050 culpa
1244 1965 1311 2026 eius

211 2066 365 2150 quaedam
390 2065 471 2125 iecit.
515 2071 646 2121 retrusus
675 2068 705 2118 et
732 2053 914 2138 antiquarius
943 2065 1081 2140 scriptur,
1110 2087 1202 2142 quem
1228 2063 1314 2147 toqui

214 2187 286 2228 cum
307 2165 401 2238 vulgo
423 2159 586 2240 quidquam
608 2159 699 2238 piget,
719 2166 873 2239 praeterea
883 2158 1044 2242 perplexus
1065 2169 1095 2220 et
1115 2159 1225 2223 hiantis
1245 2183 1318 2224 sen-

210 2250 321 2328 tentiae
344 2259 551 2348 compositura
567 2265 612 2317 tot
633 2255 762 2318 tenebris
786 2277 856 2320 suas
875 2257 993 2340 vigilias
1015 2262 1173 2340 obvolvit,
1193 2273 1225 2323 ut
1246 2285 1315 2324 eru-

210 2363 450 2443 ditissimorum,
472 2360 580 2446 quibus
601 2357 746 2435 innotuit,
767 2357 964 2445 interpretum
983 2381 1001 2423 a
1021 2363 1069 2425 sui
1090 2360 1224 2427 editione
1245 2377 1315 2427 ten-

209 2469 303 2533 tanda
333 2488 418 2529 curas
450 2473 633 2546 conatusque
661 2458 854 2544 deterruerit3
881 2462 965 2526 idem
986 2486 1091 2549 passus
1112 2464 1194 2550 quod
1214 2468 1312 2552 sepias

212 2572 298 2633 aiunt
319 2580 407 2652 atque
428 2562 619 2651 torpedines,
641 2562 692 2647 qui
712 2564 813 2648 pisces
841 2564 923 2651 quod
947 2568 1042 2631 rarius
1061 2588 1234 2629 mensarum
1254 2571 1314 2630 ho-

213 2690 289 2733 nore
311 2662 482 2749 dignentur,
505 2664 623 2745 caligini
644 2686 735 2749 quam
757 2666 930 2749 offundunt,
951 2668 1065 2755 torpori
1086 2691 1178 2754 quem
1198 2670 1313 2751 afflant,

212 2772 375 2858 imment,
396 2769 448 2831 illa
469 2768 583 2847 oculos,
604 2767 664 2827 hoc
685 2788 793 2832 manus
814 2781 845 2832 et
864 2770 986 2833 brachia
1006 2772 1186 2858 piscantium
1205 2793 1224 2835 a
1243 2773 1312 2837 nisu

212 2897 268 2939 eos
287 2896 306 2938 e
327 2874 431 2938 nativo
453 2874 569 2955 gurgite
590 2869 716 2935 tollendi
737 2872 818 2935 soliti
837 2874 989 2959 repellere.
1141 2874 1144 2878 ’

296 3026 346 3095 ll„
358 3026 431 3093 Erat
441 3038 544 3091 tamen
563 3025 648 3089 haud
658 3024 796 3090 dubium
815 3046 924 3113 operae
941 3027 1072 3113 pretium
1085 3028 1118 3093 in
1128 3029 1193 3095 eius
1207 3028 1310 3117 publi-

215 3132 334 3195 catione
357 3130 518 3207 historiae,
542 3150 620 3214 quao
643 3148 691 3189 res
711 3146 837 3207 magnas
857 3148 893 3192 ac
912 3132 1125 3195 memorabiles
1146 3154 1200 3218 per
1212 3152 1310 3195 anuos

214 3236 279 3297 iere
297 3232 449 3312 octoginta
469 3232 581 3295 saeculi
596 3229 715 3296 obscuri
729 3229 899 3293 antestium
911 3233 1010 3319 inopis
1024 3245 1143 3314 gestas,
1163 3234 1191 3296 si
1206 3234 1310 3294 minus

216 3356 337 3421 semper
357 3333 482 3410 diserta,
502 3333 610 3395 saltam
628 3329 769 3417 prudenti
789 3330 923 3420 diligenti
942 3347 1059 3399 morata
1085 3346 1116 3399 et
1135 3336 1312 3419 plerumque

217 3436 301 3499 fideli
327 3434 495 3499 narratione
522 3444 740 3519 prosequatur3
774 3455 852 3519 quae
883 3449 1054 3523 postremae
1089 3433 1175 3519 quasi
1201 3455 1311 3498 scenae

218 3535 380 3600 Orientalis
406 3535 526 3621 imperii
550 3538 608 3601 sub
637 3534 731 3619 domo
751 3536 933 3620 Palaeoioga
952 3541 994 3601 ita
1015 3535 1159 3623 principia
1179 3539 1313 3614 exbibet,

217 3650 252 3700 ut
271 3640 303 3701 in
323 3640 360 3701 iis
384 3656 487 3702 causas
507 3638 635 3718 tragicae
656 3641 874 3724 causnophes,
901 3660 961 3724 qua
988 3636 1094 3703 Turris
1115 3650 1145 3701 et
1165 3636 1327 3701 Muham·'

216 3738 304 3804 medi
335 3739 519 3804 Constantini
546 3739 627 3819 regia
653 3743 836 3822 succubuit,
872 3739 1028 3805 adiertere
1054 3740 1187 3827 prudens
1220 3743 1316 3803 lector

216 3842 395 3907 manifestas
421 3852 526 3927 queat3
555 3861 633 3926 quae
659 3843 788 3927 plurima
815 3841 906 3907 docet
930 3862 1079 3928 nusquam
1104 3844 1176 3906 alibi
1195 3851 1317 3919 notata3

219 3962 295 4027 quaa
316 3964 335 4005 a
356 3940 463 4007 Niceta
491 3955 521 4007 et
539 3943 709 4029 Acropolita
736 3944 775 4007 ad
798 3944 1056 4024 Cmtacuzenum,
1083 3946 1200 4007 hiatum
1220 3957 1316 4024 quen-

222 4040 293 4107 dam
312 4046 436 4130 explens
457 4046 593 4130 publicae
612 4048 796 4123 memoriae,
829 4045 912 4109 riam
939 4048 1025 4132 qussi
1044 4046 1158 4128 regiam
1177 4040 1314 4105 insternit

220 4145 297 4209 albis
321 4146 406 4211 velut
432 4145 581 4231 quadrigis
600 4147 928 4228 metonomiam,
956 4167 1015 4233 qua
1035 4158 1136 4209 nostra
1157 4140 1313 4225 usquead

219 4254 355 4332 tempora
379 4250 520 4335 nuspiam
539 4249 681 4313 haerente
701 4260 752 4313 aut
772 4250 898 4333 abrupta
925 4247 1070 4333 triumphi
1089 4263 1201 4329 pompa
1224 4242 1314 4308 inve·

217 4349 324 4433 batru3
344 4350 573 4437 quae'denique
598 4351 754 4433 negotium
785 4350 885 4414 omnis
905 4350 976 4439 aeri
994 4345 1162 4413 maximum
1181 4356 1212 4411 et
1232 4348 1313 4411 cela-
