3100 4850
367 294 425 361 DE
443 294 651 365 tuentum
671 292 954 363 PALAEOLOGO
974 296 1011 362 L.
1028 292 1086 361 lv.
1202 294 1277 367 297

182 468 241 558 γδρ
263 465 442 555 ύηοίθρονον
462 467 549 555 παρδ
571 468 645 546 τοδς
664 466 780 544 ἐίλλους
803 464 898 550 λίγειν
915 466 994 551 πρός
1011 466 1125 559 igniret
1144 467 1183 533 sd
1196 466 1278 535 αδτδ

182 574 305 654 ἐδίδου,
328 575 378 639 καί
402 572 438 639 τό
455 573 645 657 χειροτονίας
659 570 734 638 όττα
749 570 805 637 τόν
816 565 963 655 Σάρδεων
977 568 1015 654 ἣν
1028 565 1208 652 δ’Λρσίνιος
1222 571 1279 639 osis

182 676 319 760 ἐδίχιτο,
341 683 472 744 τοιαῦτα
485 682 530 765 τῷ
544 671 718 761 πατριόρχη
731 684 906 757 παραινεῖν,
933 673 1004 739 δίον
1018 672 1098 757 παρ’
1114 673 1212 739 edroi
1226 677 1279 740 sle·
1378 730 1383 740 .

181 782 270 863 χθελς
285 779 425 865 όγαπδν,
453 774 625 853 δεικνύντος
640 776 679 843 ἂν
694 776 740 860 εἴη
757 773 800 853 ὦς
813 775 890 842 ἄλλο
904 802 934 842 τι
948 772 1128 862 βαθύτερον
1139 772 1279 861 ύπορύο-

158 894 249 950 δσινν
271 889 402 949 τοιαῦτα
427 881 507 966 λίγοι
529 905 563 947 τε
588 882 639 945 καί
660 875 866 963 συμβουλεύοι
887 878 919 945 ol
937 878 1062 967 ἀφεῖναί
1077 878 1133 946 τόν
1152 876 1320 965 θρόγον.0

182 988 210 1052 εί
220 982 266 1070 μή
280 1012 311 1052 τι
326 984 403 1051 όλλυ
416 980 493 1071 γύρ,
515 982 588 1049 ἀλλ’
606 976 661 1051 οὖν
676 983 710 1051 τό
728 988 785 1067 τῆς
796 984 994 1068 μεταθέσεως
1005 980 1044 1048 ἂν
1060 985 1112 1048 stol
1127 981 1206 1069 παρ’
1221 982 1279 1048 dl·

183 1096 249 1165 λοις
270 1086 312 1165 ὥς
335 1087 469 1173 ἔγκλημα
498 1092 543 1175 τῷ
570 1086 801 1176 μετατιθεμένου
828 1085 956 1171 ἰσχυρόν
983 1083 1097 1169 ἐδόμει,
1128 1083 1208 1153 ὥστε
1229 1088 1282 1153 καλ

183 1192 327 1277 ἐκχωρεῖν
358 1185 600 1277 όναγιιύζεσθαι·
635 1188 708 1255 ἀλλ’
739 1182 797 1257 οὖν
821 1190 923 1278 ἐκείνῳ
952 1189 1039 1275 παρὰ
1058 1186 1203 1257 τοιούτου
1223 1195 1282 1255 τού

188 1292 247 1361 oin’
266 1293 396 1379 Ἐφίαου
414 1290 597 1379 Νικηφόρον
618 1292 677 1376 τὴν
695 1290 924 1379 ἀρχιερωσύνην
943 1289 1073 1375 λαβόντι
1090 1294 1283 1377 προσίστατο

143 1409 179 1463 10
188 1395 226 1463 διν
247 1396 289 1463 τό
309 1392 445 1481 μεγόλα,
480 1394 523 1473 ὡς
547 1394 584 1462 ού
603 1402 726 1480 μᾶλλον
746 1399 860 1463 ἐκεῖνον
882 1392 1093 1476 καταδικάζειν
1112 1394 1133 1479 ἢ
1157 1392 1281 1475 ἔαυτόν,

186 1506 318 1569 τοιαῦτα
338 1500 465 1586 λέγοντι.
517 1498 590 1585 dtr}
604 1502 655 1565 ιιοιλ
669 1498 725 1565 τόν
740 1505 991 1585 πατριαρχούντα
1006 1497 1078 1565 τότε
1092 1495 1229 1581 λαβόντα
1244 1500 1286 1566 τδ

187 1601 265 1689 παρ’
281 1604 393 1671 ἐκείνου
406 1599 573 1689 γράμματα
579 1652 591 1685 ,
619 1601 721 1686 ἐπειδὴ
736 1602 790 1668 τὸν
804 1602 961 1694 &opererio
973 1603 1086 1681 ἐκεῖνος
1096 1605 1281 1690 περαιωθείς
1296 1614 1322 1668 u

186 1703 355 1793 Βόσπορον
370 1704 429 1789 ἅμ’
443 1708 582 1790 ἐπίβαινε
597 1712 653 1789 τῆς
672 1704 747 1782 ιεὼς
761 1708 813 1772 orni
833 1704 899 1787 ἅμα
914 1704 1037 1772 τοιοῦτ’
1052 1704 1132 1772 ε’ίττυ
1148 1705 1286 1791 ιιινητιιιιλ

188 1810 265 1895 πρὸς
286 1812 472 1894 παραίτησιν
492 1809 641 1897 ίγρσφεν,
668 1810 710 1885 είς
731 1807 788 1875 ούιι
803 1807 929 1894 ἀγαθὰς
943 1804 1092 1884 ύπονοίας
1107 1810 1212 1892 ἐνῆγε,
1233 1811 1286 1874 καλ

148 1908 231 1989 linit
253 1912 309 1979 ούιι
329 1912 368 1979 ἂν
387 1914 499 1988 ἐκεῖνος
519 1906 644 2000 τολμρίη
666 1918 798 1977 τοιαῦτα
812 1906 941 1997 γρύρειν
954 1911 1006 1975 καί
1021 1910 1075 1976 τόν
1092 1916 1216 1995 πρῶτον
1229 1937 1287 1976 rn-

188 2016 364 2101 θυβρίζειν,
390 2017 418 2080 εί
438 2012 483 2099 μή
503 2013 535 2100 γ’
556 2012 691 2081 ἄλλοθεν
711 2012 769 2098 εἶχε
790 2013 826 2080 τό
844 2014 1008 2099 ἐγχωροῦν.
1059 2012 1136 2089 rior
1151 2014 1186 2079 δέ
1198 2015 1288 2105 πείρρ

189 2117 227 2185 τό
248 2124 375 2207 πρᾶγμα
399 2117 505 2193 διδούς
530 2117 676 2207 παραυτδ
695 2116 773 2206 πρός
792 2116 846 2185 τόν
867 2114 999 2201 βασιλέα
1012 2114 1140 2202 πίμπειν
1154 2112 1198 2193 ὥς
1211 2112 1329 2202 sigerii

191 2346 231 2403 sio
247 2330 380 2402 ridelratnr
397 2352 429 2405 ab
446 2350 578 2406 eminentia
593 2350 679 2405 tironi
695 2348 812 2406 antistite
827 2351 962 2423 proiecte,
988 2352 1016 2403 et
1032 2348 1141 2404 maxime
1156 2352 1292 2421 purgatam
1317 2399 1321 2432 1

192 2419 226 2473 sb
247 2418 313 2472 omni
335 2419 478 2491 suspicione
492 2420 610 2543 partium
632 2425 744 2474 iutursrn
760 2420 867 2473 eandem
883 2425 941 2474 eret
957 2428 1168 2487 oonsentsuaott,
1193 2419 1291 2475 ἰδοίατο

193 2487 262 2559 quod
280 2503 336 2540 oum
354 2490 477 2543 Arrenius
514 2489 631 2544 ardensis
647 2489 829 2542 ordinationem
846 2489 982 2544 admittere
999 2507 1047 2560 pro
1062 2489 1174 2556 legitima
1189 2487 1314 2542 renuis·-

192 2561 249 2621 set,
273 2557 357 2625 palam
381 2559 425 2612 hio
447 2558 480 2612 eb
502 2558 645 2612 Arseuienn
669 2559 783 2612 faotione
798 2559 966 2613 alienissimus
982 2558 1129 2630 putabatur.
1164 2557 1227 2627 quin
1242 2558 1292 2610 leno

192 2625 249 2695 ipsa
264 2642 297 2678 ex
314 2643 392 2680 στυττ
408 2627 584 2682 insinuabatur
601 2627 874 2698 commendabntnrque
888 2631 1019 2682 Germano
1034 2627 1106 2680 velut
1121 2625 1248 2679 νίσσονται
1264 2631 1294 2680 et

193 2711 226 2748 ex
243 2711 306 2748 vero
323 2695 408 2750 studio
426 2699 567 2766 proiectum
585 2697 715 2750 consilinm
731 2697 793 2749 telis
809 2697 942 2760 enebris,
966 2697 1008 2750 oui
1023 2695 1146 2765 privatim
1162 2690 1293 2764 utlle'sp-

194 2771 298 2833 pareret
313 2773 431 2833 perstare
446 2765 475 2820 i'o
494 2765 669 2837 patriarchatu
686 2767 858 2830 Genuum,
882 2785 899 2820 ε
913 2783 966 2838 quo
982 2765 1072 2836 atique
1087 2781 1137 2835 pre
1154 2781 1219 2818 vero
1234 2763 1294 2834 epi-

193 2849 272 2903 soopo
289 2841 479 2900 agnosceretur.
514 2851 596 2905 qnare
612 2842 643 2890 ut
657 2833 681 2888 ia
695 2843 782 2888 tamen
796 2835 854 2905 ipre
869 2843 960 2888 eontra
974 2835 1095 2904 proprias
1109 2832 1234 2886 utilitates
1249 2849 1294 2886 se-

193 2919 292 2956 cessum
309 2901 369 2956 iude
384 2905 544 2969 enunieret,
569 2921 651 2974 prone
667 2911 725 2956 erat
741 2905 889 2958 coniectore
907 2904 1090 2957 ooonltioribos
1109 2919 1167 2956 enan
1185 2903 1294 2973 quibos-

194 2971 252 3026 dnm
277 2975 304 3024 el
329 2972 438 3027 diversis
462 2974 495 3026 ab
516 2973 548 3026 iis
569 2990 637 3042 quae
653 2973 732 3042 vulgo
748 2973 919 3042 sllegmentnr
934 2973 1077 3027 rationibus
1093 2971 1199 3028 mereri
1233 2985 1292 3026 usar

194 3039 262 3164 guod
279 3042 312 3094 ab
330 3041 386 3095 siiiu
401 3042 486 3113 exeipi
501 3042 596 3096 soleret
610 3049 699 3096 contra
716 3043 871 3098 Germanum
888 3043 921 3096 de
936 3043 1105 3097 translatione
1117 3041 1204 3108 udis,
1221 3041 1292 3110 apud

234 3110 348 3165 rdensesn
364 3121 518 3166 nomentan
533 3111 628 3166 hebere
643 3113 737 3166 nnlluaa
754 3112 914 3166 manifestare
932 3119 1005 3176 eret,
1029 3129 1086 3164 cura
1103 3111 1171 3164 tune
1185 3119 1293 3164 ooasts-

195 3183 238 3230 ret
254 3178 288 3230 ab
305 3197 336 3232 eo
355 3181 499 3249 patriardra
519 3197 591 3234 suam
613 3181 709 3252 ipsius,
736 3199 812 3250 quam
828 3197 876 3250 pro
892 3181 1005 3248 legitime
1021 3181 1159 3242 uebatur,
1189 3180 1293 3231 ordiss-

194 3245 290 3300 tionem
305 3249 450 3317 accepisse,
478 3267 554 3320 quern
570 3267 657 3304 omnes
671 3249 766 3304 seirent
783 3253 816 3304 ub
833 3251 965 3319 Ephesius
984 3249 1047 3301 sede
1064 3247 1093 3299 in
1108 3246 1293 3298 Constantino·

194 3314 337 3386 politanam
358 3318 439 3373 iuisre
459 3319 621 3373 translatum.
655 3319 781 3388 quomodo
802 3319 870 3370 enim
890 3317 914 3370 is
934 3334 968 3370 en
991 3317 1045 3368 ista
1067 3313 1244 3366 uenistiouis
1259 3330 1293 3365 ex

194 3383 420 3456 Adriauopoiitano
436 3389 528 3442 λίιτυιιο
545 3405 623 3442 osusu
640 3386 762 3442 Germani
779 3385 961 3458 promotionem
977 3389 1067 3452 ροτνεε
1081 3382 1183 3434 irritam
1198 3381 1295 3438 dooere

193 3453 286 3518 sideri,
302 3455 346 3525 qui
363 3455 502 3528 Nioeplrori
517 3457 651 3512 transitum
669 3472 702 3509 ex
718 3455 851 3526 Bphesine
866 3453 894 3506 ia
909 3451 1106 3523 patriarchalem
1122 3449 1194 3504 urbis
1208 3450 1295 3503 sedem

195 3539 246 3578 uon
268 3522 349 3578 solnm
372 3543 419 3595 pro
444 3525 565 3582 canonino
586 3533 744 3594 agnoverat,
769 3525 817 3577 sed
838 3524 914 3576 etism
931 3539 948 3574 a
963 3519 1008 3574 tali
1025 3527 1134 3589 eoeepts
1150 3535 1198 3572 ron
1212 3519 1295 3590 ipsros

194 3591 392 3660 inangrrretione
408 3596 435 3648 in
451 3595 604 3651 Surdensenn
620 3595 724 3662 sedem,
747 3593 821 3646 ouine
837 3608 866 3645 se
881 3608 971 3645 rerunt
994 3589 1140 3659 instantque
1155 3587 1295 3658 profitere·

196 3667 239 3714 lur
263 3679 452 3731 pransorem,
474 3665 582 3720 reiioere
603 3665 722 3734 ueqniret
744 3662 807 3730 quin
824 3679 854 3716 se
875 3660 931 3729 ipse
948 3660 1089 3712 δυτιιιιιοι
1121 3669 1202 3728 quare
1222 3656 1296 3711 aliud

194 3729 326 3799 quidpiam
343 3731 461 3804 idemque
476 3749 593 3802 magnum
611 3750 659 3803 par
682 3739 741 3787 erat
762 3729 904 3785 existinnri
926 3727 1025 3782 vidisse
1048 3727 1221 3791 βειδενεεαι,
1246 3741 1298 3796 qno

196 3797 230 3852 sd
253 3807 306 3852 tam
329 3801 484 3872 hopiuatnm
506 3805 693 3870 suggestionem
717 3801 899 3870 impeteretur.
931 3798 993 3851 telis
1008 3814 1073 3867 erge
1089 3797 1222 3868 epistelam
1238 3811 1300 3848 sea·

196 3867 294 3950 tentiae
311 3887 378 3940 quse
394 3871 790 3994 abdientionemxtriarolnatns
805 3868 963 3930 meulent,
985 3866 1109 3936 scriptam
1132 3866 1168 3918 ad
1189 3881 1220 3918 se
1244 3870 1300 3915 tra-

195 3943 265 3990 teoto
290 3937 406 4010 Bosporo
428 3958 445 3996 e
467 3957 558 3994 uereor
624 3941 764 3996 dinanum
787 3937 974 3992 enmoudeue
989 3935 1128 3998 sardensi,
1151 3935 1300 3988 Gamerae

195 4003 343 4074 aooipiens,
366 4009 395 4064 in
411 4008 557 4079 perplexam
578 4007 709 4078 λυριειταε
723 4008 894 4078 suspitionem
909 4013 965 4071 est,
985 4005 1078 4060 nerito
1093 4009 1218 4072 reputans
1234 4015 1301 4074 une·

195 4089 274 4142 quarn
290 4077 372 4134 suiere
389 4079 501 4133 tuterunt
518 4085 548 4132 nt
563 4077 606 4132 ille
621 4079 730 4132 roderet
752 4079 805 4132 ieta
819 4078 935 4131 seribere
951 4093 983 4128 sc
998 4076 1108 4145 primunr
1123 4089 1154 4124 se
1169 4076 1301 4124 summ

169 4166 172 4180 ·
198 4143 269 4198 terre
285 4147 384 4200 eonsilil
407 4147 581 4202 ooetuaeliosi
604 4148 781 4218 patriarchae,
805 4162 882 4216 qoem
901 4146 988 4215 palsas
1010 4143 1134 4214 ρνολιντολ
1153 4139 1302 4210 ΙΜΡΜΜ

198 4210 248 4292 uisi
265 4212 325 4268 hoie
341 4216 411 4270 hand
426 4214 555 4286 ingratum
571 4215 598 4268 id
615 4234 673 4270 esre
689 4215 873 4287 perspexisset.
908 4231 971 4283 ergo
993 4211 1192 4296 οτρστίιουωι
1207 4208 1302 4264 dubiae

197 4295 238 4336 m
263 4299 358 4353 upote
381 4295 480 4341 oertum
505 4285 609 4353 rolens,
636 4286 768 4357 epistelam
787 4301 844 4342 ean
866 4283 957 4340 satin
972 4283 1302 4351 adimpmlurenflm
