3100 4850
469 272 616 359 urunt
654 279 1027 354 usaouowcrcus
1212 271 1286 361 'sos

192 453 262 518 nnis
280 449 350 513 belli
369 447 543 514 motibus'et
551 447 649 510 morbi
662 447 861 513 mduusmi
871 433 1289 532 nmerepatltl‘sg'rssissimis

193 536 408 601 tentationibus
420 545 521 598 sctum
533 554 603 600 cum
615 534 679 598 vita
693 533 813 598 linitum
827 544 873 596 est
886 555 967 598 anno
980 537 1088 598 setalia
1099 542 1142 603 36
1152 540 1288 604 nondum

190 631 256 686 'com
278 624 348 684 leto.

257 645 361 784 1'Quse
372 714 473 768 tamen
488 720 633 785 cnmnon
646 705 715 764 satis
730 701 897 786 distinguat
908 703 1120 786 Pschymsrea,
1142 714 1173 766 at
1188 708 1290 771 atatim

189 804 260 878 post
280 793 457 872 descriptam
477 801 605 852 mortem
625 789 777 852 Theodori
799 791 837 850 ds
854 789 906 852 illa
919 791 1019 871 eclipsi
1034 809 1199 852 mmonem
1212 793 1291 853 infe·

190 891 258 956 rat,
278 878 353 940 nihil
365 878 403 937 de
416 877 500 937 initio
516 876 632 957 imperii
643 875 827 956 significans,
846 875 956 938 iustam
969 885 1050 937 certe
1068 897 1130 937 uon
1141 876 1224 939 aliud
1238 887 1291 939 at·

189 965 383 1026 tendentibus
404 963 513 1022 enoris
536 981 654 1022 causam
677 961 770 1023 dedit
813 968 845 1020 st
857 962 882 1021 ai
896 963 964 1040 quia
980 982 1045 1024 rem
1059 971 1171 1023 sttente
1189 964 1291 1024 conai-

191 1050 343 1110 deraverit
357 1057 388 1107 et
404 1067 472 1108 cum
482 1046 605 1108 historia
616 1048 695 1108 illius
709 1047 853 1127 temporis
864 1048 1043 1126 contulerit,
1063 1049 1096 1122 in
1109 1048 1146 1108 iia
1160 1050 1290 1110 tenebris

187 1136 286 1196 lucem
300 1133 439 1194 inveniet
481 1133 524 1192 sie
537 1141 635 1193 autem
650 1151 714 1192 eam
729 1132 854 1214 explico

273 1219 448 1281 Theodorus
460 1219 583 1279 urendi
595 1218 684 1278 linem
695 1219 767 1280 fecit
780 1237 860 1277 anno
872 1214 982 1278 Christi
997 1218 1088 1296 1259,
1108 1236 1208 1279 mensa
1222 1218 1288 1280 An-

187 1313 285 1386 gusto,
327 1303 469 1364 historiae
483 1304 577 1365 totius
590 1303 665 1363 haec
681 1301 756 1363 fides
765 1311 829 1379 est,
855 1301 893 1363 da
905 1313 964 1381 q'ua
979 1303 1117 1364 dubitare
1128 1325 1190 1365 uon
1206 1305 1287 1366 licet

188 1389 384 1471 Pschymeres
406 1388 439 1450 id
462 1389 583 1464 asserit,
605 1408 674 1449 cum
696 1390 737 1448 ait
755 1389 869 1448 lactum
891 1390 1084 1467 vergentem
1108 1399 1288 1451 autumnum

182 1479 277 1552 'snno,
293 1492 399 1555 nempe
407 1476 487 1536 inter
500 1474 660 1535 solstitium
674 1475 818 1535 aestivum
832 1483 863 1533 st
876 1475 1093 1553 aequinoctium
1105 1476 1287 1536 autumnale.

188 1560 365 1622 Theodorus
384 1559 501 1620 initium
515 1560 662 1638 regnandi
675 1559 745 1619 fecit
758 1579 838 1618 suno
851 1557 965 1620 Christi
979 1559 1074 1636 1255,
1095 1571 1181 1640 patre
1199 1580 1287 1621 mor·

140 1687 143 1692 -
187 1654 242 1707 tuo
264 1646 320 1706 sub
337 1645 428 1705 finem
445 1646 596 1720 Octobris,
618 1663 678 1704 non
699 1644 851 1706 declarato
866 1644 929 1704 lilio
944 1663 1127 1723 successore,
1148 1646 1200 1725 qui
1214 1647 1285 1707 ideo

186 1732 303 1792 tardius
316 1731 442 1806 electus,
464 1732 595 1791 elevatus
608 1730 640 1788 in
654 1731 773 1812 clypeo,
795 1738 906 1789 unctus
918 1737 950 1789 et
965 1739 1124 1790 coronatus
1139 1738 1198 1807 est,
1218 1741 1285 1791 tum

186 1825 312 1898 propter
324 1816 442 1878 disens
457 1817 559 1896 populi
575 1815 690 1892 studia,
710 1825 777 1876 tum
789 1815 828 1874 oh
840 1814 985 1875 hlsnu'e'lis
993 1815 1182 1895 patriarchae
1193 1815 1285 1895 paulo

187 1913 258 1962 aute
269 1903 381 1962 mortni
396 1901 590 1978 desiderium,
610 1899 768 1980 Nicephori
779 1900 812 1961 in
823 1900 886 1960 eiua
898 1900 997 1960 locum
1011 1900 1097 1960 alecti
1111 1901 1286 1962 modestiam

186 1987 220 2048 in
240 1986 405 2048 recusanda
421 1987 578 2066 dignitate,
600 2005 637 2046 ac
657 1985 773 2046 Arasmi
791 1985 912 2044 tandem
925 1985 1026 2045 vocati
1040 1984 1083 2044 sd·
1093 1986 1286 2065 unguendum

187 2081 220 2130 at
239 2072 443 2132 coronandum
463 2073 673 2152 imperatorem
692 2069 854 2151 longiorem
868 2090 999 2143 moram,
1020 2090 1095 2148 quas
1106 2072 1207 2130 omnia
1221 2073 1288 2131 suae

188 2153 362 2219 describunt
382 2155 566 2238 Nicephorua
585 2157 730 2236 Gregoras
749 2155 838 2216 initio
852 2156 872 2218 l
885 2162 907 2221 2
919 2165 950 2215 st
963 2155 1105 2235 Georgius
1116 2157 1287 2238 Acropolita

187 2259 214 2303 c.
225 2242 276 2306 63.
320 2241 496 2302 Theodorus
513 2243 614 2303 statim
630 2243 717 2302 initio
732 2241 815 2320 regni
827 2241 943 2300 infestis
957 2241 1040 2300 bellis
1055 2251 1160 2302 contm
1176 2242 1287 2320 Balga-

186 2345 239 2388 ros
260 2333 295 2386 e't
312 2327 467 2387 Thessalos
484 2345 579 2406 usque
602 2327 640 2386 sd
658 2329 736 2388 vitas
755 2326 868 2386 axitsrm
880 2327 1037 2387 infeliciter
1051 2337 1214 2407 occupatus
1226 2337 1288 2386 ests

187 2411 366 2475 difficillimis
389 2413 511 2492 negotiis
527 2413 711 2493 implicatus,
740 2411 956 2492 suspicionibus
976 2421 1007 2472 et
1025 2409 1151 2473 humore
1171 2412 1288 2472 melan-

186 2497 302 2557 cholico
322 2498 362 2559 ad
377 2499 523 2578 quaedam
539 2518 593 2559 sua
605 2502 758 2559 maiestate
771 2498 893 2577 indigna
912 2499 1000 2558 etiam
1015 2498 1160 2558 adversus
1177 2498 1288 2558 aulicos

186 2582 328 2662 dignitate
342 2584 447 2644 attide
461 2604 528 2664 erga
539 2602 609 2645 eum
622 2591 805 2665 praestantes
818 2584 1019 2663 perpetranda
1031 2583 1188 2659 adductus,
1209 2582 1288 2645 vixit

184 2668 400 2730 miserabiliter.
443 2668 618 2730 Theodorus
645 2670 733 2748 longa
761 2669 883 2728 tandem
909 2670 1001 2729 macie
1027 2671 1179 2729 coniectus
1187 2714 1197 2745 ,
1222 2678 1288 2728 toto
1347 2666 1352 2677 ’

185 2774 311 2835 corpore
324 2754 460 2834 exangui,
476 2757 588 2815 frustra
600 2757 724 2815 tentatis
736 2754 873 2815 omuibus
885 2753 1022 2814 humanis
1032 2755 1179 2831 remediis,
1200 2762 1288 2813 extra

184 2840 302 2917 regiam,
316 2840 348 2899 in
362 2840 447 2917 gravi
458 2840 548 2901 luctu
555 2840 755 2921 poenitentiae
769 2847 800 2898 et
811 2838 917 2899 habitu
927 2841 1072 2919 religioso,
1088 2840 1192 2899 dolena
1204 2838 1288 2917 quod

185 2923 337 2985 Christum
352 2925 536 3001 deseruisset,
558 2944 649 3005 regno
667 2926 754 2985 simul
770 2934 801 2984 st
811 2925 873 2987 aits
886 2926 1023 3005 privatur
1037 2926 1070 2984 in
1085 2926 1187 2983 astatis
1199 2926 1286 3001 flore,

185 3026 264 3069 anno
284 3018 403 3069 tantum
424 3021 510 3071 sexto
526 3030 618 3091 supra
632 3010 833 3090 trigesimum,
853 3011 968 3089 imperii
985 3020 1102 3087 quarto.
1144 3009 1286 3081 Theodo-

183 3114 237 3155 rus
257 3093 449 3155 vehementer
469 3098 577 3154 anxius
598 3097 635 3156 de
657 3097 717 3154 lide
737 3105 768 3153 et
791 3096 920 3155 amicitia
940 3094 1090 3155 Michaelis
1111 3094 1284 3172 Palaeologi,

184 3178 277 3238 filiolo
304 3180 343 3237 ad
364 3179 480 3259 imperii
500 3180 699 3257 gubernacula
720 3178 821 3256 inepto
838 3180 895 3239 sub
911 3179 1038 3239 hominis
1052 3179 1170 3237 obscuri
1182 3190 1212 3237 st
1227 3181 1284 3237 sub

184 3261 373 3344 patriarchae
387 3262 492 3337 tutela,
514 3263 553 3322 ad
567 3263 710 3323 invidiam
724 3263 889 3341 dignitatis,
910 3282 969 3341 qua
983 3262 1068 3323 brevi
1084 3263 1215 3321 deiectus
1228 3273 1283 3339 est,
1375 3266 1378 3269 ’

185 3348 307 3420 relicto,
329 3356 541 3409 tastamentum
557 3347 693 3408 condidit
708 3348 740 3406 iu
760 3348 886 3427 gratiam
896 3349 1009 3408 tutoris
1021 3348 1100 3407 illius
1111 3348 1283 3422 Monalouis,

185 3452 274 3513 quem
291 3435 494 3494 Romanarum
512 3452 614 3494 rerum
636 3433 790 3493 dominum
804 3432 1018 3508 constituebat,
1038 3434 1139 3511 quoad
1152 3433 1231 3493 filius
1245 3434 1286 3493 ad

185 3520 347 3600 perlectam
362 3520 491 3580 venisset
511 3528 649 3595 aetatem,
673 3536 741 3579 cum
758 3518 927 3597 gravhsime
943 3536 1100 3600 procerum
1115 3520 1283 3595 offensione,

186 3624 276 3683 quam
301 3614 402 3665 secuta
431 3614 477 3663 eat
504 3604 620 3685 imperii
646 3604 834 3684 perturbatio
860 3612 891 3662 et
912 3605 943 3663 in
965 3600 1118 3665 Michaelis
1145 3604 1286 3663 familiam

185 3692 322 3749 transitio
344 3688 553 3751 crudelissima.
596 3688 654 3750 luit
668 3688 719 3750 hic
734 3689 915 3749 miserrimus
930 3688 1080 3750 Theodori
1095 3690 1178 3768 regni
1192 3698 1223 3747 et
1236 3688 1288 3749 ai-

185 3784 235 3834 tas
248 3786 344 3835 statua
358 3785 389 3835 et
400 3776 537 3835 luctuose
555 3776 659 3835 mortis
673 3776 823 3849 conditio,
846 3794 935 3853 quam
952 3775 1074 3835 brevius
1092 3773 1285 3855 Nicephorus,

185 3862 281 3921 iusius
298 3862 470 3941 Acropolita
492 3860 647 3937 describit,
669 3862 721 3940 qui
743 3882 811 3921 cum
828 3860 946 3940 imperii
965 3859 1116 3941 logotheta
1136 3860 1286 3937 existeret,

185 3948 324 4023 frequens
345 3947 516 4027 imperatori
534 3948 649 4007 ratione
670 3946 760 4007 oflicii
779 3945 900 4026 aderst,
921 3956 1047 4026 atquae
1066 3964 1202 4028 praesens
1220 3944 1287 4008 fieri

185 4031 307 4093 ridebat
322 4052 426 4111 magna
439 4032 499 4091 lide
512 4041 543 4091 st
558 4032 708 4112 diligentia
721 4041 836 4105 narrat.

270 4116 319 4179 vl.
360 4116 443 4178 lisso
463 4118 554 4197 igitur
574 4118 672 4179 voluit
689 4118 840 4179 insinuare
851 4114 1062 4197 Pachymeres‚
1083 4134 1153 4175 cum
1167 4114 1288 4195 scripsit

185 4202 309 4265 infelicis
329 4204 412 4285 regni
433 4212 463 4264 et
484 4202 614 4264 luctuosi
634 4205 731 4265 obitus
753 4202 904 4264 Theodori
925 4202 1133 4283 praenuntiam
1155 4201 1286 4261 extitisse

185 4290 382 4353 delectionem
393 4290 462 4352 solia
470 4286 662 4373 horribilem,
683 4308 759 4371 quae
770 4288 827 4351 sub
839 4289 959 4352 initium
970 4288 1053 4370 regui
1066 4289 1128 4349 dus
1139 4290 1218 4351 facta
1230 4296 1284 4364 est,
