3100 4850
274 272 349 347 316
427 258 432 271 '
589 270 767 345 cronon
791 272 1057 343 racmnrars

168 458 190 511 Ρ
207 458 259 512 213
273 436 387 535 χρῆται
400 451 445 537 τῷ
457 452 594 530 βασιλεῖ’,
619 448 669 513 καί
692 445 795 530 ἐπειδὴ
810 445 846 515 rt
861 447 979 513 πείθειν
990 444 1048 513 ου’κ
1066 435 1107 530 ἦν
1122 444 1198 534 (aori
1208 438 1304 533 yoip5)
1319 444 1378 515 dr-

274 556 353 638 δρας
373 550 565 635 ἀμειλίκτως
583 550 640 635 τὴν
663 548 821 632 ἔνστασιν,
847 546 982 630 κολάζειν
998 545 1141 636 ᾑροῦντο.
1193 546 1378 617 ἀνατίθεται

272 658 377 724 τοίνυν
391 653 432 720 τὰ
448 657 515 740 περί
529 650 649 721 τούτων
661 661 704 743 τῷ
714 654 913 741 Ἀκροπολίτῃ
926 658 957 720 Γ
954 654 1070 741 ιωργίρι
1080 654 1131 718 καί
1147 653 1190 726 είς
1204 655 1377 736 λογοθίτας

271 756 395 849 μεγᾷλιρ
416 760 580 847 κολοσσῷ
604 757 646 823 τὰ
666 755 821 839 μάλιστα,
856 756 936 842 πλὴν
963 755 1220 839 κατημελημίνως
1247 762 1310 822 τῶν
1332 761 1376 835 είς

272 865 445 946 συνείδησιν
456 860 566 944 ἔχοντι.
617 863 668 925 καί
683 861 722 943 δὴ
738 862 788 925 ἐπὶ
803 862 902 937 οίκίας
918 860 1077 945 ἐπαγαγὼν
1088 864 1231 942 χαλεπῶς
1243 858 1399 945 patinas

271 968 388 1051 δαίριυν
402 961 599 1049 κρεμαννιίων
613 967 770 1045 μαστίζειν
779 1013 790 1046 ,
817 963 892 1040 τοδς
913 964 950 1029 dt
967 988 1000 1048 ys
1012 965 1169 1048 κρείττους
1186 963 1308 1030 ἐκείνων
1322 967 1375 1030 καί
1426 1036 1432 1051 ,

234 1084 236 1087 ’
274 1068 392 1152 ἀτιμῶν
405 1073 450 1156 τῷ
466 1066 510 1133 δι’
528 1066 643 1152 ἀγορᾶς
663 1063 866 1153 θριαμβεύειν
888 1064 1006 1149 ἀτίμως
1020 1064 1204 1141 ίπῗαίιίαις
1216 1070 1374 1144 κακίσταις

235 1174 327 1245 naal
347 1169 587 1251 πιπλασμίναις,
624 1169 741 1264 ἄνδρας
763 1171 844 1239 notri
864 1171 900 1238 τὸ
922 1169 1103 1255 δξιοπρεπίς
1121 1169 1249 1252 ἔχοντας
1269 1172 1303 1235 ἐκ
1317 1175 1373 1236 τοῦ

271 1279 344 1355 βίου
370 1276 420 1339 καί
444 1279 501 1357 τῆς
522 1280 612 1359 σφῶν
632 1271 867 1354 καταστάσεως,
901 1272 956 1350 οὓς
978 1276 1030 1339 καί
1048 1271 1176 1353 μιτὰτδ
1199 1280 1316 1357 πικρῶς
1331 1270 1373 1350 ὥς

273 1376 339 1445 οἷόν
358 1402 391 1444 τε
410 1381 569 1459 μετιλθιῖν
590 1377 721 1461 ίξορίαις
742 1381 865 1457 ἐδίδου,
901 1376 976 1453 roric
997 1373 1147 1452 καθάπαξ
1168 1382 1224 1459 τῆς
1241 1383 1298 1461 γῆς
1321 1378 1372 1442 καί
1381 1390 1412 1442 10

272 1488 337 1547 τῶν
358 1485 468 1565 γηίνων
489 1480 718 1563 ίξοιρισμίνους.
752 1483 820 1546 -καί
840 1476 910 1549 τότε
932 1477 1063 1565 πρώτως
1083 1484 1209 1554 πολλοῖς
1228 1480 1373 1546 ίπίκλαστ

271 1584 329 1659 τὰς
341 1580 524 1665 συντιδήσιις
538 1580 554 1647 ὃ
569 1580 700 1669 Ἰωσήφ,
728 1586 780 1649 καί
796 1589 835 1671 τῇ
851 1578 971 1651 τούτων
983 1578 1188 1667 πιιραθίσιιδ
1205 1584 1372 1669 προλαβὼν

272 1690 308 1753 τὸ
332 1694 469 1771 κρεῖττον
491 1686 615 1773 ίφίριτο
639 1684 682 1763 ὥς
699 1688 797 1771 μηδὲν
817 1690 925 1771 μηδενί
946 1683 1113 1770 ἐνοχλήσας
1127 1682 1241 1751 καθότι
1255 1689 1306 1749 καί
1320 1689 1372 1750 λί-

232 1807 362 1877 cyneae.
414 1779 439 1877 ᾧ
457 1788 494 1871 δὴ
511 1792 561 1854 καί
583 1786 737 1874 ὃκρατῶν
753 1794 805 1856 καί
827 1784 923 1865 αὖθις
942 1791 1072 1874 ἐχρῆτο,
1099 1792 1150 1853 καί
1162 1788 1278 1874 πατέρα
1290 1784 1371 1854 ὠνό-

271 1897 364 1978 μαζε,
391 1893 442 1957 καί
465 1894 508 1967 είς
527 1891 644 1975 βουλὴν
668 1891 744 1976 εἶχε,
781 1896 832 1960 καί
852 1898 895 1970 τίς
917 1893 1016 1959 πολλοὶ
1036 1896 1149 1975 ἐχρῆτο
1168 1889 1367 1978 συλλήπτορι,
1378 1900 1410 1953 15

272 2001 323 2063 καί
348 1993 445 2078 ἦδίιος
466 1993 557 2079 ἤκουε
580 1995 802 2078 μισιτεδοντος.
854 1990 894 2080 ἦν
920 1997 980 2081 γὰρ
1005 1993 1022 2062 d
1050 1995 1219 2080 ἄνθρωπος
1245 1998 1295 2059 καί
1324 2002 1370 2082 τῷ

271 2097 377 2189 κόσμῳ
392 2095 583 2185 σύντροφος,
611 2102 661 2164 καὶ
675 2102 772 2175 δεινὸς
793 2096 938 2165 incinitis
961 2098 1111 2183 ἄρχουσι,
1138 2101 1188 2163 καί
1204 2108 1305 2162 πεῖσαι
1319 2096 1370 2163 ὅτε

270 2199 393 2291 καιρός,
421 2202 472 2267 καί
493 2200 598 2287 θυμὸν
612 2199 750 2284 μαλάξαι
766 2205 818 2269 καί
834 2202 985 2291 ἀγριᾶναι.
1038 2198 1096 2286 κίχε
1114 2202 1147 2267 δὲ
1165 2200 1224 2265 orie
1239 2207 1277 2289 τῇ
1291 2199 1371 2287 γνοί-

267 2437 475 2494 irrevocabiliter
491 2442 596 2492 ruentea
613 2437 706 2492 blande
722 2455 754 2494 ac
771 2439 909 2510 tranquilla
931 2436 1077 2492 dedocendo
1101 2437 1219 2508 placaret
1241 2451 1273 2488 ac
1291 2433 1369 2487 aiste-

266 2511 347 2578 retl)
366 2508 480 2579 potentia
498 2509 676 2579 imperatoria,
694 2527 741 2578 pro
757 2511 911 2579 gratiaque
928 2509 996 2578 apud
1016 2508 1085 2560 illum
1103 2505 1241 2578 praecipua
1259 2504 1371 2569 valebat,

267 2578 301 2630 ad
318 2579 425 2630 alterum
450 2577 611 2628 efficiendum
637 2577 666 2630 vi
688 2594 767 2632 saeva
790 2580 916 2632 incubuit.
950 2577 1114 2644 demandavit
1136 2582 1221 2627 autem
1239 2573 1369 2642 negotium

267 2645 382 2714 Georpio
401 2645 565 2714 Αοτοροίίίυο
583 2646 652 2698 inter
668 2646 812 2714 logothetae
829 2665 930 2716 magno,
948 2655 975 2699 et
992 2647 1018 2699 in
1034 2645 1125 2715 primia
1142 2643 1245 2697 erudito
1262 2642 1369 2696 callido·

265 2732 333 2784 qne,
348 2711 394 2767 aod
412 2713 582 2768 conscientiae
598 2731 687 2784 paru·
705 2722 826 2781 tenerae,
843 2717 1021 2787 minimumque
1037 2715 1109 2784 penei
1126 2713 1223 2767 babere
1242 2711 1268 2763 in
1292 2713 1368 2763 rebus

265 2784 384 2852 perendie
402 2782 500 2835 credito
515 2783 577 2854 quid
601 2785 640 2837 ias
665 2793 691 2838 et
716 2787 828 2840 oifimnrn
851 2796 975 2841 moneret.
1008 2784 1053 2836 ille
1074 2783 1152 2852 igitur
1169 2781 1256 2835 domos
1280 2781 1367 2833 obiens

264 2853 428 2922 patriarchae
444 2852 633 2906 obtrectatores
650 2855 788 2923 prehensos
805 2856 966 2922 abducebat,
984 2870 1092 2916 vexans,
1109 2851 1234 2914 caedens,
1253 2849 1367 2918 proscin-

264 2923 345 2986 dens,
368 2936 411 2973 ans
431 2921 539 2986 ondens,
562 2921 710 2991 flagellans,
735 2924 782 2994 qui
804 2943 866 2977 vero
891 2925 960 2978 inter
988 2923 1045 2976 illos
1068 2921 1210 2976 eminerent
1232 2918 1365 2986 dignitate,

264 2989 367 3060 probris
384 2939 555 3044 debonestana
570 3007 602 3044 ac
626 3008 673 3060 per
690 2995 747 3046 tora
763 2992 928 3062 ignominiosa
944 2993 1097 3051 traducens,
1140 2988 1261 3042 metentis
1278 3002 1368 3050 verae,

265 3075 342 3128 quam
360 3057 481 3122 celabat,
499 3077 592 3113 causae
609 3061 775 3115 otiosissimis
792 3063 877 3133 iisqne
894 3061 1009 3116 confictis
1026 3008 1189 3124 criminibus,
1212 3055 1366 3108 intolerabili

264 3128 356 3198 utique
372 3127 509 3196 tyrannide
525 3129 587 3182 viria
604 3141 665 3182 ante
683 3131 828 3200 conspicata
845 3139 872 3185 et
895 3132 1021 3184 inoffenso
1046 3145 1123 3182 curan
1141 3124 1242 3180 bonoria
1258 3132 1366 3203 eatepna

266 3197 293 3250 ia
317 3198 373 3250 rita
395 3196 458 3251 nais.
492 3215 557 3268 quoa
582 3199 657 3253 etiam
681 3207 815 3270 postquam
838 3201 890 3252 tali
908 3200 1050 3253 acerbitate
1074 3199 1257 3259 deformasset,
1288 3193 1365 3244 exilio

268 3265 406 3334 multabat,
429 3263 492 3320 nibil
517 3275 631 3322 sanctam
654 3270 781 3322 reveritae
804 3271 988 3339 professionem
1009 3265 1198 3336 religiosorum,
1223 3263 1266 3334 qui
1288 3261 1367 3315 semel

216 3395 219 3403 ,
267 3337 385 3390 abdicato
402 3337 494 3389 mundo
511 3337 598 3390 exules
609 3353 638 3391 ae
655 3341 740 3392 terrae
755 3339 791 3392 ad
807 3341 943 3392 coelestem
960 3341 1028 3390 ultro
1044 3333 1262 3389 conversationem
1279 3338 1366 3384 trana-

266 3406 393 3460 tnlisaent.
427 3407 537 3459 fructum
556 3407 655 3460 consilii
673 3409 732 3462 talia
749 3409 816 3462 bunc
831 3408 955 3478 loseplrus
971 3407 1045 3469 tulit,
1069 3412 1100 3457 ut
1120 3405 1254 3456 multorum
1277 3401 1322 3470 qui
1341 3397 1365 3450 ei

265 3473 388 3528 badonas
405 3475 555 3530 studuerant
572 3477 619 3529 hac
633 3477 756 3531 violentia
766 3478 936 3531 conaolcntiaa
953 3475 1095 3528 offenderet
1112 3476 1252 3540 atraeque
1267 3471 1367 3522 aliena-

266 3548 307 3595 ret
324 3545 476 3598 voluntates.
511 3545 682 3616 apparuitque
706 3547 767 3600 inde
792 3555 887 3618 quanto
909 3543 1006 3599 saniori
1028 3542 1136 3596 coneilio
1163 3541 1284 3594 decessor
1308 3538 1365 3590 aina

268 3613 411 3665 Germanus
429 3611 454 3664 in
472 3612 625 3668 incommodo
642 3615 718 3669 simili
740 3615 834 3670 iuiaaet
855 3632 930 3680 nana,
955 3613 1130 3667 contumeliam
1146 3609 1323 3670 dissimulante
1338 3609 1366 3658 ‘i

264 3681 356 3733 nemini
382 3681 523 3736 molestiam
548 3701 579 3736 eo
603 3686 703 3738 uomina
728 3686 859 3738 incessens
883 3682 950 3753 qnod
975 3683 1002 3737 in
1028 3698 1058 3734 ae
1074 3679 1179 3750 quidvis
1195 3677 1272 3731 aliter
1288 3691 1365 3746 qnam

263 3749 341 3803 vellet
359 3749 524 3820 comperisset
541 3752 645 3807 dictum.
682 3771 743 3824 ergo
771 3753 812 3807 lric
832 3754 908 3807 etiam
930 3761 991 3822 post
1012 3767 1115 3815 mrum,
1143 3753 1171 3800 et
1195 3747 1316 3799 redactas
1338 3743 1366 3795 ln

265 3819 394 3884 ordinem,
416 3819 602 3874 existimatione
625 3824 762 3892 gratiaque
786 3822 889 3888 floruit,
912 3832 1003 3892 gratas
1027 3819 1077 3890 ipsl
1098 3815 1224 3889 principi,
1241 3823 1316 3884 pater
1331 3813 1367 3864 ab

265 3906 297 3942 eo
314 3896 436 3954 vocatus,
461 3887 488 3942 in
512 3890 643 3944 concilium
665 3891 811 3958 adbibitus,
837 3890 1017 3960 procuratione
1033 3887 1188 3942 demandata
1205 3885 1365 3952 negotiorum

165 4013 170 4022 ,
264 3957 418 4020 honoratus,
436 3963 463 4010 et
479 3957 588 4012 libenter
604 3977 635 4014 ac
652 3959 748 4016 effectu
764 3959 950 4030 impetrationis
971 3963 1094 4030 sequente
1116 3956 1220 4011 auditne
1243 3971 1301 4006 cnm
1318 3967 1365 4020 pro

262 4025 352 4078 amicis
368 4025 550 4080 intercederet.
583 4030 724 4082 eratenim
742 4030 815 4083 bomo
840 4029 978 4083 innutritus
1001 4028 1110 4091 mundo,
1134 4026 1213 4080 unito
1229 4041 1278 4077 usu
1295 4021 1366 4074 ritae

263 4093 361 4160 civilia,
386 4095 517 4150 insinnare
537 4114 567 4150 ae
589 4098 747 4168 principibus
763 4098 865 4166 adens,
888 4097 1096 4169 persuadereque
1113 4112 1180 4166 quae
1196 4109 1262 4162 opus
1278 4097 1364 4154 τινας

263 4167 316 4215 tnrn
341 4165 444 4218 eosdm
469 4165 572 4236 placare
599 4167 781 4238 concitareqne
811 4173 889 4238 prout
913 4184 955 4220 res
978 4171 1121 4236 poscerem.
1161 4163 1302 4216 accedebat
1324 4159 1365 4211 tria

263 4230 341 4284 animi
357 4233 431 4287 bonis
447 4241 476 4288 et
492 4233 609 4306 corporis
631 4236 712 4290 robnr
727 4236 858 4308 palatinae
874 4235 981 4292 militiae
998 4236 1131 4290 laboribus
1146 4249 1210 4306 pare
1233 4249 1283 4288 nec
1298 4227 1364 4283 enim
