3100 4850
307 270 382 346 548
603 259 850 342 ousuuvtt.
875 269 1115 340 recum

306 441 414 504 sistens
426 435 555 500 blicbeiil
569 435 738 518 Augustus,
765 458 905 500 nummos
924 437 952 500 ei
971 455 1073 499 aereos
1091 441 1305 514 argenteosque
1318 432 1410 512 misit,

307 547 382 606 quos
398 526 470 585 dum
485 525 624 586 solemnis
644 525 814 586 litenisrum
835 544 946 605 pompe
965 523 998 582 in
1020 523 1096 582 festo
1110 521 1278 602 palmarum
1293 540 1409 599 proce-

306 612 406 687 deret,
429 609 599 693 petriarcha
623 609 749 673 iactaret
767 611 800 670 iu
815 610 980 670 confertam
1000 607 1130 688 plebem.
1169 605 1341 666 bosedone
1355 625 1407 666 vo·

307 707 358 758 cat
372 705 473 756 noster
487 689 665 777 ἅρπεδὸναε,
682 715 758 776 quae
771 715 833 757 vox
847 695 971 774 proprie
982 692 1131 770 significat
1145 691 1238 752 lineas
1252 699 1308 750 aut
1322 692 1408 752 funes

305 781 395 844 homo
410 779 575 860 praefixos,
597 783 705 860 quibos
722 781 819 862 pieces
834 800 918 840 escae
931 777 1078 838 inhiantes
1091 775 1203 837 inlixse
1218 777 1307 835 avide
1319 797 1408 836 vora·

306 868 345 928 tia
359 888 390 926 co
395 867 439 946 pti
457 865 619 928 trahuntur
631 867 662 926 in
678 866 823 948 piscantis
838 883 968 926 manum.
1010 873 1101 943 atqua
1120 860 1204 925 haud
1218 861 1282 922 scio
1294 882 1334 920 sn
1347 881 1407 921 non

303 962 464 1034 propterea
477 952 586 1012 lineam
604 951 729 1012 divitem
746 949 920 1011 huiusmodi
941 948 1217 1029 gratuitosrspinae
1236 947 1269 1006 iu
1288 947 1406 1027 plebem

304 1037 458 1098 ambitiose
472 1057 592 1118 spnrses
609 1036 718 1098 alicubi
741 1037 896 1096 vocaverit
914 1033 1075 1110 Martialis,
1105 1033 1186 1114 quod
1197 1031 1248 1093 hie
1263 1031 1407 1092 vetusti-

304 1122 368 1182 neis
383 1122 571 1204 piscatoriis,
592 1121 644 1182 sed
661 1123 758 1184 eureis
778 1130 809 1182 et
827 1119 1070 1196 amabilioribus,
1089 1117 1245 1178 bominum
1263 1117 1361 1178 studia
1374 1125 1406 1176 et

304 1209 475 1269 voluntates
498 1206 668 1288 capiantur.
710 1227 889 1286 quamquem
908 1226 965 1266 nac
983 1204 1089 1284 ignoro
1107 1224 1166 1264 nec
1176 1203 1317 1284 improbo
1329 1220 1405 1282 quaa

304 1293 363 1353 alin
375 1291 485 1396 eruditi
498 1291 674 1394 interpretes
687 1293 717 1353 in
731 1313 798 1354 eum
810 1294 912 1352 locum
926 1286 1218 1395 cpmmentautur‘).
1262 1342 1267 1361 ,

303 1375 682 1542 coderiiciiliitviuliippio'lli
699 1381 853 1522 polim
861 1372 1404 1523 lirimimilbitilolieliliocetviilffi

301 1549 485 1651 sfript'orum
508 1547 692 1606 abstrusiora
707 1547 859 1652 'troubuls
884 1545 1028 1650 libentius
1050 1554 1187 1646 ueurpet
1234 1541 1403 1622 Hesychius

300 1631 926 1798 ttttttitltlllJtJmttnl
944 1627 1403 1775 “tn“tttttitttithttt

300 1801 400 1880 ginem
414 1800 498 1864 vocis
513 1795 626 1884 α’τηρόν
637 1801 750 1864 ducite
764 1798 951 1883 nomineiisep
964 1821 1054 1877 noxe,
1070 1801 1232 1863 calamitas.
1248 1800 1402 1860 munuum.

300 1905 374 1948 cave
390 1885 575 1967 obtemperes
590 1887 786 1950 Constantino
798 1888 832 1948 in
845 1888 957 1948 Lexieo
969 1886 1087 1948 iubenti
1100 1907 1156 1966 pro
1169 1879 1284 1964 ἆτηρός
1294 1884 1402 1944 rescri-
1509 1940 1510 1945 ,

299 1972 370 2034 bere
386 1965 516 2054 ἀτειρής.
559 1971 728 2052 quaemihi
749 1993 838 2034 cause
859 1971 1012 2034 snittsec
1034 1971 1184 2032 hocloco
1205 1969 1399 2042 admonendi,
1509 1974 1510 1997 t

299 2057 414 2136 alioqui
431 2058 561 2118 tacituro
577 2058 614 2118 de
629 2077 704 2119 voce
723 2051 846 2144 α’τηρός,
871 2067 906 2118 ut
919 2078 957 2119 ex
970 2057 1091 2136 vulgari
1102 2056 1212 2122 veteris
1225 2053 1401 2117 llelleuisni

296 2143 406 2204 notitia
419 2141 490 2202 satis
499 2153 665 2226 perspecta.

341 2285 346 2294 .
383 2220 815 2310 esetttnvp.ttv.1t.
848 2226 1102 2308 egitibiloqueus
1116 2226 1235 2289 blusslo
1250 2225 1290 2288 ‹le
1302 2245 1399 2306 puero

295 2311 409 2372 Ioenne
422 2313 573 2392 August03
594 2333 681 2394 quom
697 2334 733 2372 eo
749 2311 878 2382 subditis
897 2314 1101 2374 amabiliorem
1115 2313 1211 2374 videri
1227 2310 1400 2385 debererit,

296 2398 377 2477 quod
392 2407 585 2479 persecutam
601 2398 701 2461 adhuc
718 2399 902 2480 simplicem,
925 2399 989 2461 sine
1004 2401 1093 2473 suco,
1115 2399 1224 2479 puerili
1237 2398 1400 2458 securitate

295 2494 445 2561 operetur.
489 2495 534 2545 est
549 2475 718 2562 tuturis,
746 2485 846 2565 inquit
861 2484 1038 2547 Eustathios
1053 2486 1092 2545 ed
1113 2485 1199 2545 Iliad.
1223 2484 1259 2559 δ,
1287 2484 1324 2547 le
1342 2486 1400 2544 toi

294 2566 394 2632 ἅπτειν
409 2568 460 2631 sul
475 2564 628 2637 ἅλλεσθαι.
671 2570 754 2650 quod
774 2572 856 2631 idem
873 2571 983 2650 repetit
1003 2572 1043 2629 sd
1062 2570 1147 2631 lliod.
1167 2592 1199 2647 a,
1228 2567 1398 2629 sddensob

292 2654 474 2733 euphoniam
486 2655 608 2739 dempto
622 2676 682 2719 uuo
695 2681 712 2719 τ
724 2656 816 2717 scribi
830 2648 984 2733 ἆτᾶὶλεινς
1005 2656 1087 2735 quod
1105 2666 1207 2717 tamen
1219 2664 1326 2714 noster
1346 2652 1398 2713 hie

292 2758 356 2797 non
371 2748 557 2809 estaecutus.
601 2750 689 2803 sonat
708 2750 809 2803 autem
828 2739 862 2811 id
882 2741 1008 2807 verbum
1023 2761 1144 2802 movere
1167 2762 1202 2800 ec
1215 2740 1398 2821 prolerrese

292 2820 386 2883 libore
401 2823 435 2882 in
450 2844 570 2887 omnem
585 2836 715 2906 portem,
747 2836 873 2887 naturas
889 2825 1090 2904 indulgendo,
1119 2826 1195 2899 citra
1210 2835 1325 2887 metum
1343 2834 1398 2885 eut

290 2916 477 2985 respectum
507 2908 589 2988 quod
610 2922 640 2971 et
656 2910 821 2971 bestiarum
840 2919 886 2971 est
906 2922 938 2970 et
955 2932 1119 2992 puerorum
1130 2956 1140 2989 ,
1160 2931 1236 2990 quos
1258 2910 1398 2973 nondun

289 2991 368 3052 ratio
384 2994 556 3072 compescit.
598 2996 778 3057 vocabulum
793 2996 883 3077 plane
895 2995 1124 3075 Pacbymeriani
1136 2996 1228 3076 genii,
1248 2998 1397 3079 priscum,

288 3076 479 3159 populariter
489 3078 682 3158 loquentibus
695 3080 889 3157 inusitatum,
911 3101 929 3141 e
941 3080 1112 3143 scholiastis
1128 3088 1290 3163 poetarum
1298 3083 1334 3145 in
1346 3082 1395 3142 bi·

288 3163 411 3225 storiam
427 3163 595 3245 intextum3
617 3166 755 3247 qualibue
766 3166 821 3227 bic
835 3177 943 3227 auctor
958 3168 1135 3246 delectatur.

181 3267 272 3327 pm
376 3240 794 3317 aleevvonovtntm.
846 3272 923 3333 puer
961 3254 1104 3334 princepe
1142 3261 1197 3316 sut
1234 3253 1394 3332 maeotis

286 3332 369 3395 filius
385 3354 514 3415 parvus,
536 3358 605 3399 cum
622 3338 806 3421 procedente
820 3336 855 3399 in
875 3338 1003 3417 primam
1023 3338 1181 3421 pueritiam
1191 3337 1319 3399 infantis
1338 3360 1395 3397 eo-

286 3420 427 3481 mitatum
452 3420 602 3487 netalibus
626 3444 793 3505 congruum
816 3421 926 3505 accipit
956 3433 986 3484 et
1005 3424 1171 3485 ministerio
1193 3443 1230 3483 sc
1250 3424 1395 3485 satellitio

287 3503 508 3584 circumdatur,
529 3502 822 3575 «commentetur
842 3508 955 3569 dicitur
977 3508 1275 3586 Graecisareceuti,
1302 3510 1395 3571 onias

285 3608 346 3651 usu
365 3608 429 3650 vox
447 3594 562 3668 ποῠλος
579 3590 797 3679 elnosopemsssi
815 3602 869 3658 est.
911 3602 948 3655 ut
968 3613 1041 3675 ergo
1054 3589 1207 3676 αὐθέντης
1223 3595 1394 3671 dominum,

285 3674 330 3735 ita
357 3668 608 3754 αὕθεττοτεοόλος
633 3701 761 3763 parvum
782 3678 939 3742 dominum
962 3688 1059 3741 sonat.
1108 3680 1183 3742 bine
1210 3680 1395 3759 intelligitur

285 3758 369 3840 quod
391 3758 498 3823 scribit
519 3773 621 3828 noster
652 3786 683 3847 p.
702 3768 745 3833 24
763 3770 830 3833 v.6
865 3765 903 3826 de
934 3765 1141 3827 Muzalonibos
1167 3766 1264 3827 tribus
1285 3766 1394 3827 fratri-

282 3843 341 3905 bus
356 3844 514 3908 Theodoro
529 3845 704 3931 imperatori
726 3850 821 3927 caris,
844 3849 928 3930 quod
948 3849 992 3927 ei,
1016 3872 1084 3913 cum
1102 3851 1237 3933 primum
1250 3872 1329 3932 puer
1340 3854 1393 3913 fs·

282 3928 399 3993 miliana
419 3934 617 4015 principalem
633 3934 743 3997 babere
758 3935 874 4017 coepit,
904 3936 937 3997 in
962 3935 1093 4017 ephebos
1121 3936 1302 3999 honorario·
1325 3938 1393 3998 dati

281 4014 422 4078 fuissent.
465 4012 580 4099 ἄνδρας
596 4014 653 4085 osiae
665 4013 817 4103 esiysselue
837 4018 894 4103 pta
913 4020 1088 4103 μετέχοντας
1107 4019 1142 4088 τὸ
1154 4016 1322 4107 neptim,
1345 4023 1393 4097 tle

278 4095 507 4180 neumatum
518 4102 554 4169 tt
566 4100 912 4192 menxnnwtnoptvp
923 4106 1119 4197 τεταγμένους
1129 4102 1222 4197 αὖτᾷ.

279 4218 490 4241 Μ·

345 4278 377 4349 ⁸)
394 4284 429 4339 εἰ.
448 4282 568 4341 Gtoum
585 4286 693 4343 alterum
710 4307 736 4345 τ.
753 4284 834 4365 ἀρχῆ.
