3100 4850
484 317 565 388 LlB.
590 317 616 386 l.
658 315 935 389 Grossrmurt.
1183 319 1260 394 547

160 488 259 570 specie
275 489 339 568 ipsa
354 485 451 567 prima
460 493 590 568 apparet
612 483 774 565 complecti
793 502 862 544 eum
876 483 938 544 duo
953 485 1081 546 maxime
1093 489 1258 550 necessaria

160 573 363 655 praesidiariis
377 571 501 649 urcium,
523 573 662 630 elimenta
678 579 811 630 atarma
856 569 881 628 si
897 570 965 649 quis
976 577 1258 635 tumencoutentio·

161 661 223 718 sior
237 679 345 718 currus
362 657 451 716 etiam
466 657 497 715 in
513 666 657 736 apparatu
671 654 852 714 tuendarum
864 657 978 714 arcium
995 677 1055 716 non
1068 657 1214 718 inutiles'
1204 682 1257 720 rn-

160 745 278 804 terdunr
295 741 450 802 autetiam
470 741 507 800 ad
527 741 752 800 convertionem
773 750 992 799 commeatuum
1011 744 1190 803 necessarios
1206 744 1258 806 hic

124 823 126 828 ’
160 839 339 888 memoratos
360 826 448 900 velit,
470 827 619 890 nuebulc
629 826 821 906 extorquebit
840 825 1034 905 pertinaciam
1048 828 1129 906 quod
1146 829 1259 890 ibidem

160 935 233 974 mox
254 909 371 996 nepi‘
350 906 493 990 ιρμιιτων
514 911 641 989 dicitur,
670 931 704 972 sa
725 931 789 970 esse
808 930 847 970 ex
871 931 905 970 eo
927 931 1034 988 genere
1050 933 1153 972 rerum
1173 916 1258 976 cuius

160 1019 313 1076 nunquam
331 996 444 1055 affatim
466 995 620 1056 utentibus
644 997 699 1070 sit3
730 996 810 1056 unde
829 1016 901 1054 mox
914 997 1051 1072 addrtuc
1070 997 1102 1055 ιιι
1116 1010 1259 1079 repulsu

160 1094 220 1144 tenr
234 1085 318 1142 illum
334 1082 543 1160 imperatorem
556 1081 677 1141 iussisse
694 1081 763 1142 eddi
789 1079 930 1179 catalogis
946 1083 1037 1160 gratis
1058 1086 1258 1164 suppeditan-

161 1169 267 1228 darum
286 1189 301 1227 e
317 1167 390 1226 liaeo
413 1167 501 1225 militi
525 1185 626 1229 rerum
650 1185 731 1225 arms
756 1166 853 1227 omnis
872 1169 987 1244 generis
1007 1177 1037 1226 et
1025 1187 1136 1269 ιιιιιι,
1159 1171 1234 1229 ubi
1224 1191 1257 1230 ιιι

162 1256 276 1313 Graeco
292 1261 339 1312 est
358 1247 511 1315 voxb'nln
530 1253 685 1311 manifeste
704 1260 739 1309 ut
758 1254 925 1331 synonyma
945 1257 1000 1314 τοῦ
1022 1277 1153 1333 opperior
1171 1257 1257 1335 prius

161 1337 318 1399 memorati
340 1337 447 1416 posita.
491 1337 654 1397 clarissime
673 1335 760 1396 etiam
782 1336 884 1395 eadem
897 1357 960 1396 vox
976 1333 1093 1418 ι’ἱρμιιτα
1107 1361 1163 1419 pro
1177 1336 1258 1405 ὅπλα

161 1433 304 1503 usurpata
317 1424 513 1502 reperiturp.
528 1423 590 1487 419
604 1441 633 1486 v.
652 1421 701 1498 14,
718 1422 768 1480 ubi
782 1419 1030 1501 Pachymeressit
1045 1423 1173 1485 Venetos
1194 1428 1259 1484 ali-

162 1509 281 1590 quando
305 1507 428 1566 ditiores
449 1507 727 1588 splendidioresque
748 1508 955 1567 Genueusibus
976 1510 1085 1582 fuisse,
1107 1512 1257 1588 aquibus,

160 1595 228 1654 rice
248 1613 349 1652 rerum
368 1591 583 1690 ιιιιιιιιιιιιιιιιιι,
615 1602 716 1672 postea
738 1593 853 1652 divitiis
875 1601 904 1651 et
925 1593 1258 1674 cultusmagnilicentia

162 1681 296 1756 superati
323 1679 392 1737 sint.
437 1699 507 1757 ergo
531 1678 663 1758 priorem
688 1677 769 1737 illam
799 1678 982 1739 Venetorum
1007 1681 1258 1757 magnificentiam

161 1784 344 1838 memor-,ans
368 1763 407 1822 ait
425 1783 526 1823 eorum
543 1764 718 1846 συνέδριον,
740 1761 800 1822 lroc
820 1773 866 1823 sat
880 1783 1021 1843 proceres
1036 1767 1197 1844 patricios,
1219 1787 1258 1826 ex

162 1849 298 1930 quibua
290 1869 321 1908 m
337 1867 370 1906 eu
382 1849 457 1908 urbe
472 1857 592 1909 senatus
608 1857 742 1924 constat,
764 1842 885 1930 πλούτῳ
903 1844 991 1910 και”
969 1867 1082 1930 opacus
1098 1850 1150 1913 και
1162 1876 1258 1934 παρα-

161 1941 281 2009 σκευαῖς
298 1928 429 2008 ιιπιὶσαις
444 1933 653 1994 Genususibus
673 1893 745 1992 oliui
767 1911 960 2014 praestitisse.
1008 1932 1060 1993 hic
1078 1955 1117 1994 ue
1140 1930 1258 2018 ἅρματα

162 2041 269 2080 currus
284 2020 529 2100 interpretemur,
553 2019 710 2099 prohibet,
732 2019 756 2077 si
776 2017 853 2077 nihil
869 2017 967 2091 eliud,
991 2027 1071 2078 certe
1084 2019 1159 2080 situs
1173 2021 1258 2080 urbis

161 2105 290 2166 Venetas
308 2103 344 2162 ad
365 2105 455 2164 maris
476 2105 624 2164 aestuaria
643 2104 688 2164 sio
703 2103 820 2184 poeitae
837 2111 873 2162 ιιι
890 2062 1005 2182 cymbis
1022 2124 1078 2184 per
1091 2125 1172 2184 eam,
1196 2127 1259 2166 uon

161 2189 263 2250 rhedis
279 2199 473 2251 commeretur.
518 2209 609 2269 quare
628 2186 793 2250 ridiculum
815 2191 929 2249 faceret
947 2188 1176 2268 Pachymerern,
1208 2183 1267 2270 qni

162 2292 228 2334 eum
244 2275 343 2334 dicere
355 2273 470 2334 iuberet
485 2287 635 2335 senatores
650 2275 721 2334 olim
736 2275 866 2336 Venetos
880 2273 911 2334 iu
927 2294 980 2335 sua
993 2276 1066 2336 urbe
1080 2277 1181 2354 specie
1191 2276 1262 2336 rire·

162 2361 268 2420 durum
287 2369 317 2418 et
333 2360 551 2438 magnificentia
579 2379 720 2421 curruum
741 2362 842 2441 copias
858 2367 1029 2424 ostentasse.
1071 2369 1107 2419 ut
1122 2362 1261 2423 omittam

162 2466 200 2507 ex
214 2446 281 2505 aliis
292 2444 383 2504 huius
397 2444 541 2507 historiae
559 2446 651 2523 locis,
680 2446 762 2526 quod
779 2445 850 2505 alibi
866 2444 1010 2521 observo,
1038 2466 1201 2527 apparere,
1221 2468 1261 2509 ne
1278 2448 1301 2503 P
1317 2448 1370 2506 373

161 2532 195 2589 in
211 2531 336 2591 urbibus
351 2530 473 2609 quidem
488 2532 521 2591 in
537 2533 627 2611 plano
641 2540 670 2591 ct
682 2533 762 2592 sicco
775 2529 955 2607 aedificatis,
975 2531 1074 2609 iisque
1088 2533 1189 2612 regiis,
1200 2534 1262 2595 sre-

162 2626 302 2696 quentem
320 2636 352 2675 ea
367 2625 541 2697 tempestate
555 2638 697 2677 curruum
712 2614 876 2677 rhedarum
889 2626 942 2676 out
953 2616 1121 2677 essedorum
1131 2619 1261 2723 ‚splen-

161 2701 232 2761 drde
246 2701 418 2781 praesertrm
430 2712 621 2779 ornatorum,
642 2722 730 2762 usum
746 2703 847 2765 luisse.
891 2720 962 2781 ergo
974 2722 1038 2762 srus
1054 2700 1146 2764 dubio
1163 2699 1262 2767 niori-

160 2808 203 2873 τῳ
219 2782 304 2849 και“
284 2805 395 2867 appear
412 2786 533 2847 divitiis
548 2798 576 2846 et
597 2789 694 2846 umis
709 2787 887 2847 vertendum
901 2788 969 2847 fuit.
1011 2788 1154 2849 nimirum
1167 2791 1260 2851 armis

161 2850 292 2953 pretiose
315 2873 428 2932 ornatis
450 2872 591 2933 instructi
612 2872 783 2948 gaudebant
801 2892 962 2953 apparere,
992 2893 1076 2933 mors
1098 2894 1116 2932 a
1135 2874 1259 2936 satirico

160 2957 299 3034 laudato,
321 2958 393 3017 dum
411 2956 535 3018 adducit
556 2977 595 3017 ex
615 2956 744 3017 heroicis
763 2958 949 3039 temporibus
968 2958 1138 3039 exemplum
1159 2961 1260 3021 cuius-

162 3042 230 3102 dem
246 3044 369 3119 gemmis
384 3062 446 3103 nou
468 3044 650 3104 adornanda
670 3043 799 3124 pocula,
821 3054 858 3103 ut
874 3044 964 3105 Virro
979 3043 1103 3123 quidam
1118 3046 1277 3123 faciebat,v

161 3128 206 3187 uti
225 3127 324 3205 soliti,
343 3128 406 3187 -sed
427 3148 476 3189 eus
497 3130 529 3188 in
546 3130 670 3209 vaginae
690 3128 791 3189 lloute
811 3148 939 3210 ponere,
960 3127 1021 3188 boc
1040 3129 1126 3189 estin
1138 3132 1258 3211 capulo

60 3204 75 3223 “
161 3212 327 3291 conspicuo
347 3213 489 3274 videlicet
510 3212 595 3290 loco,
625 3222 788 3273 ostentare·
816 3214 925 3272 alludit
944 3213 1023 3273 euim
1046 3213 1123 3273 illud
1140 3214 1261 3292 Virgilii

161 3298 234 3357 stell
232 3306 317 3355 crtum
339 3297 459 3378 iaspide
469 3298 532 3376 sul
531 3320 570 3359 νιι
591 3318 690 3357 ensem
712 3298 828 3356 Aeneae
849 3296 1016 3356 tribuentis.
1065 3297 1119 3355 scd
1138 3296 1259 3359 baccis

159 3381 312 3463 παρέργου
327 3382 417 3463 μέρει.
463 3404 577 3443 ιιιιιιιιιι
598 3384 638 3442 ιιι
646 3376 795 3463 ,ἕρματα
816 3382 848 3439 in
868 3380 916 3441 his
931 3380 1047 3439 duobus
1065 3379 1258 3461 Pacbymeris

159 3468 235 3528 locis
249 3488 305 3549 pro
321 3464 424 3567 ‘dirime
436 3470 584 3547 positum,
605 3479 634 3529 et
652 3488 733 3527 arma
753 3467 856 3526 latins
874 3464 999 3525 notione
1012 3465 1179 3546 designare,
1200 3488 1259 3559 uec

161 3554 201 3614 ad
217 3572 324 3612 currus
337 3554 395 3613 nisr
389 3554 537 3614 'absurde
549 3554 655 3614 referri
673 3570 761 3653 posse
764 3548 806 3625 *).

246 3632 400 3719 upned
376 3660 477 3741 nvp
500 3642 564 3706 293
584 3658 614 3700 ι.
629 3642 678 3704 17.
721 3630 813 3709 αὐτος
831 3633 955 3717 πέμψας
967 3631 1019 3697 stul
1034 3630 1198 3714 αρπεδοσιν
1210 3636 1257 3699 ιν

160 3723 282 3785 δεῖσθαι
295 3719 534 3803 παρασκευάσας.
564 3724 638 3783 haec
647 3722 741 3781 iicet
732 3742 764 3782 ιιι
778 3733 922 3779 contextu
934 3719 1118 3780 disiuncta
1095 3740 1139 3779 src
1153 3730 1258 3801 aptan-

159 3809 198 3867 ds
217 3814 298 3870 sunt.
346 3809 494 3887 significat
517 3812 698 3869 Germanum
725 3804 943 3886 patriarcham,
981 3804 1082 3865 valida
1102 3804 1258 3887 adipsum

158 3892 273 3952 throno
287 3894 486 3954 deiiciendum
501 3894 629 3954 conssata
641 3894 790 3967 lectione,
813 3911 985 3971 persuasum
1003 3891 1109 3969 supina
1127 3892 1259 3950 creduli·

158 3988 221 4037 tate
237 3979 359 4038 studere
378 3981 432 4039 sibi
453 3980 662 4061 imperatorem
684 3998 773 4058 quum
797 3977 940 4052 mraxime,
968 3975 1155 4036 confidenter
1173 3974 1259 4037 indi-

161 4082 242 4123 casse
257 4065 316 4142 ipsi
337 4084 412 4145 opus
434 4066 491 4124 sibi
511 4086 575 4125 esse
595 4064 762 4138 donativis,
788 4063 897 4142 quibus
909 4060 1082 4142 spargendis
1094 4060 1258 4122 adversan-

158 4150 233 4208 tium
245 4150 456 4210 reconciliaret
469 4151 594 4214 animos.
639 4170 728 4230 quarn
740 4148 778 4208 ad
791 4167 873 4223 rem,
894 4148 927 4208 in
940 4147 1177 4209 dissimulatione
1189 4166 1258 4231 per-

229 4334 265 4404 *)
300 4336 334 4393 ct.
352 4336 470 4393 Glosrsr.
487 4334 596 4395 alterum
612 4352 639 4393 v.
656 4327 915 4407 depascentium.
964 4351 969 4365 ¹
