3100 4850
507 269 629 342 UBJ.
665 203 944 342 eiosstmun.
1195 271 1273 343 557

174 439 346 504 leniendum
359 435 556 500 concessionis
566 435 658 500 huius
667 437 899 501 incommodum.
927 453 1036 518 nempe
1046 435 1131 516 qnod
1143 436 1204 498 tate
1216 439 1274 516 ins,
1289 447 1313 503 λ’
1328 449 1381 505 ssi

174 527 245 588 lieet
270 547 288 585 a
314 525 435 584 Grseeis
453 544 640 600 concessum,
661 521 895 602 haudquaqnsm
913 531 1015 582 umen
1031 521 1225 602 redigendum
1243 525 1278 586 in

173 612 293 693 praxim
306 609 477 672 vides-etune
497 610 615 670 nemine
629 609 830 670 verisimiliter
840 618 986 669 curaturo
1000 609 1136 668 oonlerre
1149 629 1181 668 se
1194 611 1278 670 Gon·

112 767 115 774 Δ
171 697 369 778 stantinopoli
392 697 534 769 Romam,
554 694 702 756 laborioso
714 703 746 754 et
755 695 923 775 periculoso
937 703 986 755 tot
997 696 1126 754 merium
1138 695 1277 770 treiectu,

171 783 213 843 sd
229 785 315 844 litem
337 801 421 842 susm
441 782 655 860 prosoostioue
668 780 740 845 idue
755 780 949 855 transissem,
969 777 1011 840 ibi
1025 781 1276 860 persequendam.

171 878 218 930 est
241 861 310 948 ergo
331 869 395 928 sine
414 861 505 926 dubio
526 862 561 930 sd
582 865 739 946 lusimus,
760 867 808 927 ius
829 865 1204 946 provocationisaiedioio
1218 887 1277 945 pa-

170 954 321 1014 tn'archse
340 951 675 1030 connsnnnopotiuni,
696 960 728 1012 et
747 951 873 1012 aliorum
890 951 1086 1012 Orientalium
1098 950 1139 1010 sd
1149 951 1275 1031 pontiti*

170 1059 236 1100 eem
258 1041 442 1116 Romanum
463 1037 548 1098 ouius
566 1037 640 1098 iuris
658 1036 767 1116 agnitio
785 1035 988 1118 professioque
999 1056 1095 1097 nuum
1106 1046 1173 1096 erat
1184 1038 1275 1096 etri-

168 1125 228 1186 bns
252 1123 419 1206 praecipuis
447 1121 595 1202 eapitibus
620 1141 697 1201 quse
717 1121 757 1182 sd
775 1122 966 1182 eeclesiarum
994 1122 1232 1182 ooneitiationesn
1255 1141 1275 1180 s

169 1209 291 1270 Graecis
312 1208 515 1287 exigebantur.
557 1227 593 1268 es
612 1207 710 1288 capita
729 1206 778 1268 bis
795 1207 893 1268 tribus
908 1208 1008 1270 verbis
1027 1207 1276 1286 designabantur:

166 1291 204 1358 ssi
220 1300 381 1373 πρωτεῖον,
402 1290 436 1360 ri
448 1288 659 1374 μνημὸσννον,
681 1289 717 1356 sd
728 1291 883 1374 isstnsos.
903 1296 1050 1373 primatus
1065 1313 1169 1374 papae,
1191 1293 1272 1352 eius—

118 1411 122 1420 ,
168 1379 241 1440 dem
251 1381 330 1438 inter
342 1399 427 1442 soors
440 1379 561 1460 publice
572 1379 833 1454 commemoratio,
854 1388 1006 1458 postnemo
1026 1379 1074 1438 ius
1095 1379 1273 1460 appollstio-

167 1465 215 1524 nis
229 1465 269 1524 sd
282 1464 409 1526 eundem
424 1484 442 1527 s
455 1465 609 1526 sententiis
622 1463 809 1542 synodorum
823 1472 876 1524 sut
892 1462 1142 1544 patrisrobarum.

251 1547 554 1628 Ἑλλησποντίας
574 1553 675 1630 paee·
688 1568 718 1609 v·
732 1553 762 1614 9.
804 1549 891 1612 renti
904 1571 1024 1630 nomen,
1043 1557 1080 1610 ut
1091 1543 1270 1635 sinopssiog.

164 1645 277 1696 ventus
290 1635 448 1698 vehemens
460 1633 536 1696 tlsns
551 1635 589 1694 nb
602 1627 803 1714 Hellesponto.

253 1717 529 1804 λνοιθριοὶζιιν
550 1740 581 1799 p·
595 1719 658 1788 405
675 1739 705 1780 v·
721 1723 750 1785 9.
793 1740 855 1780 non
870 1729 916 1780 est
929 1717 1270 1803 hielsmdpsoitsrssub

164 1803 220 1866 dio
233 1828 313 1866 esee:
338 1825 452 1868 summe
466 1807 544 1869 enim
561 1813 687 1876 aestate,
708 1815 744 1864 ut
762 1813 837 1866 tuno
853 1815 933 1878 eret,
954 1806 1119 1866 meridiano
1131 1807 1192 1866 sole
1205 1807 1270 1866 ier-

162 1901 271 1968 vente,
292 1891 377 1954 haud
397 1901 473 1953 esset
493 1892 543 1952 ills
564 1889 720 1952 commoda
741 1893 840 1952 statio.
882 1889 1106 1970 intelligendum
1125 1909 1195 1968 ergo
1209 1891 1271 1950 isn-

161 1987 334 2058 perstorem
355 1977 393 2038 sd
417 1997 521 2038 suram
542 1993 558 2034 e
580 1975 805 2056 septentrionali
818 1977 897 2038 sorte
909 1985 1033 2056 patente
1045 1977 1175 2035 fenestra
1188 1975 1271 2034 sssn-

161 2073 226 2124 tem
240 2063 332 2140 frigus
347 2072 488 2142 captasse.
532 2071 586 2122 unt
600 2061 748 2142 siirigore
761 2063 836 2122 seris
848 2081 982 2122 esmerse
995 2062 1027 2122 vi
1043 2081 1059 2119 s
1074 2061 1147 2120 ooeli
1161 2060 1272 2120 ardore

162 2147 277 2208 deterisi
291 2148 395 2214 eleusis
409 2147 547 2208 fenestris
561 2147 719 2224 utebstur,
740 2143 944 2230 λνοιθριοὶζειν
955 2167 1013 2227 pro
1025 2146 1194 2224 refrigerari
1210 2167 1271 2226 po-

161 2232 254 2292 titum
269 2233 373 2310 sueri13
394 2251 433 2292 ex
446 2249 481 2292 eo
494 2233 576 2310 quod
587 2233 762 2313 plerumque
775 2230 840 2308 flat,
854 2243 891 2294 ut
905 2251 983 2312 quse
996 2233 1053 2292 sob
1065 2232 1149 2292 coelo
1164 2240 1270 2310 aperto

159 2317 264 2378 iacent
277 2319 513 2398 retbigerentur,·
529 2319 675 2380 translato
691 2337 726 2377 eo
739 2319 834 2379 verbo
850 2319 941 2378 etism
957 2317 998 2378 sd
1014 2318 1270 2398 refrigerationem

160 2421 240 2483 quse
255 2403 341 2465 aliter
358 2404 465 2465 evenit
507 2402 528 2465 Ι.
542 2407 562 2469 6
576 2424 603 2469 c.
617 2407 660 2469 29
679 2405 793 2467 mentio
814 2403 852 2465 fis
868 2399 981 2478 ὕδατος
1000 2401 1271 2486 estiomenus„

158 2508 256 2567 equae
277 2489 332 2549 sub
352 2490 402 2549 dio
420 2489 627 2568 1·elsigerstae;
648 2488 746 2569 quod,
768 2489 826 2549 etsi
844 2499 919 2550 tunc
938 2508 1057 2567 quoque
1078 2496 1270 2560 aestuent,

157 2575 276 2636 facilius
296 2573 472 2654 intelligitm
493 2594 548 2652 per
573 2583 693 2635 noctem
713 2576 836 2636 sactum
878 2586 911 2635 at
929 2574 990 2635 hoo
1008 2574 1076 2636 loeo
1097 2574 1209 2635 disens
1231 2572 1270 2639 fis

158 2660 222 2721 diei
234 2661 363 2737 mentio,
387 2680 456 2721 eum
471 2660 672 2739 designatione
686 2659 780 2721 horse
793 2660 1024 2740 pomeridianas.

245 2740 388 2825 lodovei
409 2766 438 2826 p.
460 2746 523 2811 385
547 2766 579 2814 e.
602 2750 633 2811 5.
674 2756 756 2807 seete
773 2746 921 2807 Meursius
941 2746 1031 2807 doeet
1049 2739 1181 2825 ledonis
1202 2762 1267 2803 esse

139 2826 331 2912 'supremum
346 2850 446 2891 sserse
459 2848 577 2893 neusse
595 2833 765 2893 instratum.
808 2833 939 2913 primum
951 2832 1031 2891 enim
1043 2829 1268 2891 insternebatnr

153 2935 229 2977 erae
242 2916 326 2994 quod
340 2913 451 2977 dieitur
463 2910 668 2998 donuinam,
689 2936 773 2979 ssora
790 2936 917 2998 mspps,
936 2924 1145 2978 tenetentum
1158 2935 1266 2976 neees-

152 3001 238 3061 sario
258 3002 438 3081 imponenda
459 3002 564 3076 altari,
595 3004 718 3081 qnsndo
739 3022 804 3063 non
826 3002 983 3065 constabat
1004 3024 1043 3063 an
1061 3000 1139 3063 illud
1159 3001 1264 3062 luisset

151 3097 374 3150 consecratum.
418 3108 509 3167 supra
528 3088 621 3165 illud,
643 3098 808 3169 auteupru
824 3089 938 3149 nudem
958 3108 1042 3148 orans
1062 3097 1146 3147 certo
1160 3106 1263 3146 secra-

148 3180 242 3243 tem,
264 3173 481 3233 extendebatur
500 3172 532 3233 in
551 3174 778 3253 praeparatione
798 3174 935 3235 sacrificii
946 3174 1087 3245 linteum,
1109 3170 1193 3250 qnod
1205 3190 1263 3249 ap-

147 3256 311 3339 pellebant
329 3252 520 3335 eeseodpnn,
552 3276 643 3337 supra
667 3258 749 3336 quod
775 3258 916 3319 videlicet
935 3248 1054 3338 οἷμέοοιο
1069 3274 1180 3335 eorpus
1196 3252 1265 3314 sive

150 3362 230 3403 earo
250 3340 365 3403 domini
385 3343 417 3403 in
436 3340 613 3403 eucharistia
626 3351 695 3421 post
709 3344 962 3405 eonseorstionsm
977 3353 1117 3423 psaesens
1131 3339 1265 3399 reelins·

149 3426 258 3489 batur.
293 3427 327 3487 id
341 3426 442 3491 velum
457 3428 612 3507 corporate
624 3427 724 3489 Latini
735 3446 887 3491 voesmns.
920 3446 978 3487 nso
990 3426 1183 3507 plnswin
1198 3425 1264 3505 ipsa

150 3513 310 3575 iunctione
336 3513 481 3575 sacrificii.
523 3522 556 3573 st
581 3523 651 3593 post
671 3513 768 3595 ipsam
790 3532 845 3573 srs
866 3512 1056 3593 operiebatur
1076 3521 1179 3593 tspete
1199 3510 1264 3571 sire

149 3598 285 3683 λνδυτῇ,
305 3608 409 3659 textus
429 3598 604 3678 plerumque
624 3618 670 3657 ms
692 3598 786 3674 nilici3
806 3598 889 3659 nnde
908 3599 941 3659 in
958 3598 1027 3659 illos
1044 3618 1118 3658 usns
1131 3597 1265 3677 pretiosa

151 3684 288 3762 stragula
306 3682 515 3744 offerebantur.
557 3684 659 3763 quslis¹
669 3620 743 3745 laec
758 3684 819 3745 fnit
830 3678 941 3763 hemi
954 3684 992 3743 ab
1005 3683 1188 3762 imperatore
1203 3681 1265 3740 bli-

151 3768 260 3829 ολιιὸλο
272 3769 444 3847 Palseologo
457 3769 587 3849 priosum
599 3788 705 3849 magno
717 3771 832 3851 templo
841 3764 1006 3848 &Sophiae
1020 3768 1142 3845 donsts,
1155 3767 1266 3829 deinde

150 3854 247 3915 etism
263 3854 302 3914 sd
315 3854 488 3935 pontificem
503 3856 672 3915 Romanum
682 3854 782 3917 missi.
824 3855 965 3915 credibile
977 3863 1023 3914 est
1037 3872 1076 3913 ex
1088 3853 1148 3915 isto
1162 3862 1264 3933 tapete

150 3958 246 4019 super
267 3960 350 4003 nram
371 3939 522 4019 expliesto
544 3940 674 4019 speciose
694 3940 869 4022 pependisse
882 3942 916 4001 in
928 3942 1060 4001 frontem
1076 3940 1181 4000 sltsris
1192 3940 1265 3999 fisn-

149 4022 251 4103 briss,
272 4025 417 4097 tuborum
441 4034 495 4085 sut
516 4026 654 4089 nolarum
672 4028 723 4089 vel
743 4028 834 4089 etism
854 4028 1004 4087 melorum
1023 4026 1128 4087 formis
1150 4024 1262 4085 distin-

151 4118 234 4189 ctss5
261 4112 343 4173 unde
367 4108 531 4191 llesyobius
557 4106 703 4187 Μόνον,
733 4113 759 4173 si
785 4114 864 4173 forte
885 4112 966 4173 idem
987 4132 1056 4173 eum
1076 4111 1191 4198 λνλνιῇ
1209 4110 1261 4185 sit,

150 4190 295 4261 αὖλοτόν
324 4196 454 4273 dixerit,
482 4196 634 4275 quomodo
661 4191 815 4274 odiusode
836 4194 952 4281 λοιμούς
976 4198 1085 4258 Pollux
1110 4206 1260 4257 memorat

148 4278 204 4349 lib.
219 4287 276 4359 10,
295 4282 350 4347 ubi
360 4282 399 4343 de
414 4282 597 4347 ornamentis
611 4302 764 4365 equorum.
808 4284 972 4349 ἐκαλοῦντο
982 4282 1017 4349 dl
1029 4305 1126 4360 τινες,
1146 4282 1256 4363 inquit,
