3100 4850
1187 165 1194 178 ·
1305 169 1340 214 ·=.

482 305 562 375 ΠΒ.
578 303 639 374 111.
677 294 1046 374 CHRONOLOOEGUS.
1122 368 1128 381 ‚
1242 305 1320 378 757

208 469 285 570 en!
315 467 436 564 tenu
456 465 579 564 nnn
658 469 858 534 oannem
876 469 957 531 filiu
975 459 1113 538 nme..
1132 466 1242 532 soron
1255 471 1337 535 im·-

315 569 437 616 onnrv.
468 568 574 616 eones.
615 557 762 638 penitens
790 556 944 636 coniugem
969 546 1055 616 discit
1085 555 1177 616 filiam
1197 556 1316 618 loannis
1425 626 1429 638 ,

215 631 296 701 1268
519 630 540 694 9
615 642 717 704 fratris
731 641 872 722 despotse
885 640 1065 701 Occidentis.
1107 639 1148 701 ib.
1162 661 1187 700 c.
1200 645 1252 708 26.

657 745 709 804 Die
722 749 765 810 29
776 744 952 805 Novembris
963 744 1096 804 Clemens
1106 743 1148 804 lv
1158 763 1235 825 papa
1247 763 1315 804 mo-

614 829 694 891 ritur
713 829 848 892 viterbii.
890 828 1003 911 Spoud.
1024 848 1063 890 ox
1076 829 1171 910 sntiq.
1183 849 1317 891 monum.

615 913 764 976 bocenno
775 937 806 976 u.
822 919 873 984 12
1128 939 1133 953 ·

657 1117 823 1180 orientales
840 1119 1011 1200 provinciae
1027 1115 1146 1202 inperii
1159 1119 1317 1180 Persarum

501 1187 540 1250 1⁰
615 1203 835 1266 incursionibus
851 1205 1033 1266 desolantur.
1075 1202 1214 1284 Pacbym.
1228 1205 1249 1270 1
1262 1209 1316 1269 27.

658 1307 892 1368 Arsenisnornm
914 1307 1042 1372 scbisms
1058 1306 1153 1387 magis
1168 1306 1318 1388 magisque
1429 1302 1437 1318 “

614 1392 780 1459 insolescit.
820 1393 864 1453 ib.
878 1413 905 1456 o.
919 1396 974 1460 28.

658 1495 783 1555 Carolus
801 1495 898 1558 freter
919 1497 949 1556 S.
963 1493 1109 1555 Lndovioi
1127 1492 1205 1574 regis
1217 1490 1318 1551 Fren-

616 1579 695 1655 cise,
716 1582 778 1640 acie
798 1582 880 1643 victo
893 1599 972 1641 enno
986 1579 1132 1659 superiori
1145 1577 1319 1640 Cumodina

615 1663 656 1725 sd
668 1666 766 1726 lacum
778 1666 804 1725 F
804 1668 941 1744 uoluam,
960 1665 1115 1746 pacificans
1126 1663 1186 1723 iam
1198 1681 1318 1744 posses-

616 1750 865 1815 sioneminoboat
879 1752 962 1830 regni
974 1749 1161 1831 Neapolitani
1171 1758 1202 1807 st
1215 1747 1317 1824 Siculi,

616 1856 651 1898 ao
663 1834 802 1898 Belduini
813 1837 875 1898 lilio
888 1835 1144 1916 Constantinopoli
1156 1833 1273 1914 profugi
1283 1832 1318 1892 iu

615 1941 756 2001 generum
779 1923 892 1984 adscito
919 1921 1030 1982 auxilie
1052 1920 1230 2002 promittens
1254 1917 1318 1983 ui,

617 2006 713 2067 chaeli
736 2008 908 2089 Palaeologo
931 2025 1036 2068 curam
1057 2005 1160 2068 iuiicit.
1202 2002 1317 2064 iudicet

615 2091 691 2153 haec
708 2091 848 2174 Pacbym.
862 2093 954 2156 uariis
971 2092 1059 2170 locis,
1078 2094 1100 2156 8
1121 2093 1142 2157 8
1162 2097 1194 2150 et
1214 2091 1273 2168 86,
1293 2087 1316 2152 4

616 2183 674 2255 29,
696 2187 727 2240 et
742 2179 822 2241 olibi.

658 2280 822 2361 Hyacinthi
848 2279 938 2341 factio
966 2287 998 2340 et
1024 2277 1316 2357 Pentepoptenorum

617 2366 834 2429 monachorum
846 2387 903 2448 pro
915 2363 1039 2426 Amenio
1050 2362 1246 2445 pugnantium
1263 2380 1318 2420 eo-

497 2504 504 2525 ,
619 2452 736 2515 clesiam
749 2454 866 2517 turbat.
906 2450 928 2515 4
953 2455 992 2516 19
1013 2457 1044 2509 et
1063 2454 1115 2514 28.

662 2552 789 2618 Carolus
807 2575 863 2616 rex
887 2551 1002 2615 Sicilioe
1022 2550 1144 2611 classem
1165 2558 1263 2609 umet
1279 2546 1321 2607 sd

619 2640 906 2721 Constantinopolim
918 2634 1163 2718 recuperandam.
1175 2634 1196 2698 5
1213 2638 1242 2700 8.
1262 2652 1322 2694 vs-

619 2726 657 2786 rii
677 2735 784 2787 contre
798 2726 890 2786 istum
902 2733 1017 2784 metum
1027 2721 1215 2804 imperatoris
1227 2738 1323 2802 oppu-

618 2820 712 2873 rstus.
753 2812 794 2873 ib.
809 2820 841 2871 et
854 2831 926 2871 mox
940 2830 966 2870 c.
980 2813 1030 2875 10.

662 3016 719 3076 Per
736 3014 793 3077 bos
809 3036 903 3077 ennos
917 3013 1027 3075 enituit
1041 3013 1140 3072 viatus
1155 3009 1260 3069 bellios
1273 3008 1325 3068 lo-

537 3097 538 3100 ’
620 3101 707 3156 annis
722 3100 862 3177 despotae
882 3099 985 3157 fratris
1005 3092 1210 3175 imperatoris,
1230 3091 1325 3153 vertis

620 3180 804 3240 successibus
822 3180 1047 3259 expeditionum
1064 3196 1276 3257 prosperorum
1290 3176 1324 3237 in

621 3263 787 3324 Orientales
800 3273 831 3326 et
843 3264 992 3325 Occiduos
1011 3271 1128 3324 tructus
1142 3260 1281 3341 prebete.
1302 3266 1324 3327 8

620 3352 660 3414 21
675 3358 706 3409 et
719 3347 798 3410 alibi.

663 3449 865 3515 Tarehmiou
885 3469 1009 3531 magnus
1025 3448 1241 3527 Conostsulus,
1262 3447 1323 3508 im-

621 3537 768 3621 peratoris
782 3557 822 3598 ex
835 3535 953 3597 Morths
966 3554 1070 3596 sorore
1085 3554 1194 3614 nepos,
1215 3542 1322 3593 contre

622 3623 808 3686 avunculum
820 3622 955 3698 rdsellat
977 3620 1017 3681 ed
1031 3621 1171 3683 loannem
1184 3638 1323 3679 socerum

622 3710 762 3791 despotae
780 3707 952 3770 Occidentis
973 3708 1096 3767 fratrem
1114 3705 1324 3785 transfugiens,

622 3794 766 3857 Tocharis
780 3795 864 3876 prius
882 3794 915 3854 in
930 3792 1064 3873 regiones
1077 3789 1202 3871 imperio
1215 3788 1325 3851 subdi-

623 3890 669 3940 tas
689 3881 837 3959 evocans,
857 3880 911 3958 qui
930 3878 1070 3939 caedibus
1092 3886 1123 3938 et
1141 3874 1254 3959 rupinis
1273 3893 1324 3935 sas

622 3974 791 4046 pecierunt.
834 3965 856 4032 4
877 3968 928 4029 80.

664 4053 829 4133 Imperator
861 4048 974 4129 legatos
1006 4048 1047 4109 sd
1078 4051 1109 4109 S.
1136 4044 1325 4107 ludovicum
1428 4101 1433 4129 ,

623 4137 809 4197 Francorum
839 4152 937 4215 regem
969 4133 1080 4211 mittit,
1117 4133 1170 4211 qui
1197 4151 1265 4193 eum
1291 4132 1327 4192 in

622 4223 723 4283 Africo
743 4222 895 4282 'sonetum
915 4220 1100 4295 obsidentem
1120 4217 1282 4281 inveniunt
1294 4224 1327 4277 et

623 4309 686 4371 eins
705 4308 798 4369 morti
812 4306 972 4369 intersum.
