3100 4850
502 315 506 322 -
581 267 661 338 ΠΒ.
682 267 726 338 ll.
760 267 917 340 notan
1223 271 1298 346 661

199 435 282 496 ultro
296 431 494 514 Pachy'otems
506 432 621 494 latetur
631 433 735 515 pant
746 453 778 496 v.
788 439 819 512 t,
842 433 932 496 lacile
943 431 1144 516 impetrarunt
1158 393 1299 516 stipanti

201 521 282 600 apud
301 539 390 580 omne
412 517 612 580 Christianum
636 539 747 579 nomen
769 519 843 580 nori
863 520 910 580 sui
924 521 1087 581 conditoris
1106 521 1296 584 Constantini

200 605 302 684 Magni
314 604 427 683 gratia,
449 613 485 662 ut
501 604 534 662 in
553 623 675 664 canam
694 604 841 664 maiorum
860 605 1070 683 eeclesiarum,
1098 625 1174 684 quaa
1191 616 1296 686 postea

199 689 385 769 frequentius
402 686 616 769 patriarchales
629 699 754 750 vocatae
768 700 850 767 sunt,
870 691 1061 751 referrentur.
1106 709 1193 769 quem
1208 711 1297 752 nemo

199 775 274 858 ipsis
288 775 434 834 honorem
446 774 573 849 invidit,
594 775 692 854 quoad
706 775 762 834 sihi
775 775 979 856 praescriptae
993 775 1026 834 iu
1043 775 1107 835 eiua
1121 793 1176 834 usu
1189 775 1298 838 limites

198 879 394 942 perrumpere
405 866 459 918 aut
476 859 629 920 transilire
647 870 720 920 aunt
730 861 843 922 conati.
886 861 1051 922 eumenius
1069 861 1299 922 saeaaNieaeua
1409 857 1411 862 ’

199 946 332 1025 synodus
346 943 447 1004 locum
467 942 543 1024 ipsis
558 955 700 1024 quartum
715 946 796 1006 inter
816 945 950 1026 quinque
972 946 1099 1006 maiores
1112 946 1298 1024 assignasset,

198 1029 258 1110 ipal
274 1049 402 1109 aequum
418 1038 572 1089 censentes
585 1049 694 1090 novam
718 1032 841 1090 Romam
863 1041 894 1092 et
911 1031 1030 1111 imperii
1053 1031 1151 1090 sedem
1173 1031 1297 1092 alteram

197 1116 290 1175 etiam
308 1115 343 1173 in
360 1113 559 1175 ecclesiastica
579 1115 723 1195 dignitate
741 1111 861 1196 dnicae
888 1115 1043 1176 admoveri
1061 1117 1170 1175 Romae
1190 1117 1295 1192 veteri,

197 1198 277 1260 nihil
290 1219 355 1259 non
375 1209 537 1260 motmunt
556 1221 616 1279 quo
631 1211 860 1279 sanequeaentur
879 1211 914 1261 ut
925 1199 1128 1262 Alexandrino
1145 1209 1175 1259 et
1187 1200 1296 1260 Antio.

198 1283 295 1344 cheno
316 1283 513 1365 patriarchis,
541 1306 668 1366 quorum
684 1284 740 1345 illa
760 1285 910 1346 secundus
927 1285 979 1346 hic
999 1285 1105 1346 tertius
1125 1307 1142 1344 a
1159 1285 1294 1346 Romano

195 1369 367 1450 patriarche
379 1367 417 1428 ah
430 1370 511 1430 omni
524 1381 608 1432 retro
621 1370 799 1450 antiquitate
810 1371 958 1432 numerati
971 1369 1105 1447 fuerant,
1126 1389 1294 1451 praepone-

199 1464 321 1531 rentur,
341 1464 373 1515 et
393 1453 557 1516 secuudum
578 1457 719 1538 protinus
739 1480 757 1515 a
779 1476 856 1536 papa
878 1457 1063 1518 auctoritatis
1079 1455 1295 1516 ecclesiastieae

198 1540 325 1620 gradum
341 1540 524 1605 insisterent.
566 1551 655 1621 atque
674 1540 736 1602 hoc
757 1541 858 1624 ipsum
879 1542 979 1623 pelean
999 1542 1099 1624 primo
1122 1549 1294 1622 peterenon

198 1626 266 1684 susi
277 1635 395 1686 tantum
411 1638 636 1708 expugnarunt,
657 1647 745 1687 suum
758 1627 840 1686 nacti
855 1635 973 1707 tempus
985 1647 1047 1707 quo
1060 1635 1125 1688 erat
1140 1627 1295 1687 canatan-

83 1780 87 1786 .
196 1711 357 1791 tinopolim
378 1730 457 1771 anuo
481 1711 594 1770 christi
609 1716 669 1779 381
693 1712 828 1792 synodus
850 1722 976 1788 coacta,
1003 1722 1040 1772 ut
1053 1713 1088 1772 ab
1102 1731 1137 1771 ea
1151 1711 1295 1772 decente-

195 1805 304 1856 rentur
315 1796 379 1856 sedi
394 1797 745 1877 constantinopolitam
757 1793 795 1860 aui
808 1799 950 1877 πρεσβεῖα
961 1799 1017 1877 τῆς
1037 1799 1135 1876 τιμῆς.
1175 1798 1207 1854 id
1222 1796 1295 1854 uni-

194 1882 306 1942 versim
321 1891 351 1942 et
362 1883 496 1960 ambigua
508 1881 624 1942 dietum
637 1901 707 1948 cum
720 1881 810 1961 longo
828 1891 962 1964 tempore
975 1901 1063 1940 anemo
1077 1889 1212 1962 putasset
1224 1901 1296 1960 par.

194 1966 292 2026 tinere
307 1967 346 2026 ad
359 1967 583 2045 abrogationem
607 1967 730 2028 Nicaani
750 1966 891 2044 canonia,
916 1987 976 2048 quo
994 1975 1076 2039 erut,
1105 1975 1138 2023 ut
1152 1965 1295 2044 diximus,

193 2051 344 2111 secundus
358 2060 389 2111 et
402 2053 508 2112 tertius
522 2074 538 2111 a
553 2053 687 2119 Romana
699 2051 768 2112 sada
782 2051 934 2130 dignitatis
947 2053 1031 2111 locus
1044 2050 1249 2110 Alexandnnn
1263 2059 1294 2110 et

193 2136 383 2196 Antiocheno
393 2136 513 2196 thronis
523 2137 584 2196 rite
599 2138 741 2212 sancitus,
760 2137 880 2198 tandem
890 2137 922 2197 in
938 2136 1173 2203 chalcedonensi
1188 2154 1293 2212 magna

193 2219 311 2301 synodo
331 2221 488 2281 Anatolius
502 2221 855 2302 constantinopolitanun
867 2221 1038 2304 patriarcha
1052 2239 1158 2300 magno
1178 2221 1293 2279 ambitu

193 2306 344 2380 obtinuit,
365 2307 480 2366 leuatae
494 2308 728 2368 reclamantibus
746 2307 825 2367 sedis
844 2307 1027 2388 apostolicae
1036 2306 1158 2384 legatia,
1179 2315 1214 2364 ut
1229 2315 1292 2364 sta·

192 2399 328 2451 tueretur
341 2391 691 2474 Constantinopolitanae
704 2392 767 2453 aedi
780 2393 910 2473 primum
925 2402 996 2475 poet
1013 2391 1175 2452 Romanam
1190 2389 1293 2451 locum

192 2478 475 2539 esmimibuendum.
517 2498 575 2558 qua
593 2478 631 2540 de
644 2499 679 2539 re
697 2480 795 2539 laetus
809 2479 920 2539 certina
938 2480 968 2541 S.
989 2478 1047 2538 Leo
1064 2486 1140 2537 tune
1153 2476 1292 2557 pontifex

190 2560 346 2623 Romanus
367 2564 608 2645 intempestivam
629 2564 823 2625 ambitionem
844 2563 927 2625 haud
945 2562 1151 2643 perfunctoria
1165 2560 1291 2638 tandit,

190 2647 313 2729 scriptis
333 2648 375 2709 ad
396 2642 568 2710 Anatolium
589 2648 701 2727 literis,
728 2648 837 2729 quihus
852 2650 898 2709 sio
918 2648 1006 2710 illum
1029 2646 1175 2729 increpat.
1219 2656 1293 2727 poet

190 2733 251 2791 ttta
266 2735 374 2813 itaque
386 2733 594 2795 ordinationis
606 2744 681 2795 tuae
692 2754 755 2794 non
770 2735 934 2816 inculpata
941 2736 1114 2815 principia,
1131 2742 1204 2812 post
1222 2752 1291 2791 eon.

189 2821 389 2878 aecrationem
404 2819 590 2879 Antiochensi
608 2823 759 2901 epiceopi,
782 2840 877 2901 quam
897 2818 1014 2880 tibimet
1036 2828 1143 2877 contra
1159 2818 1291 2876 amaeni-

191 2924 262 2963 eam
278 2904 421 2985 reguiam
439 2902 621 2981 uindicanti,
643 2904 729 2965 doleo
753 2908 847 2965 etiam
865 2908 899 2965 in
916 2904 975 2965 hac
996 2903 1187 2964 dilectionem
1201 2913 1289 2960 tunm

189 3009 253 3049 ease
256 2990 441 3070 prolapsam
457 2992 731 3052 utaaeratieaimaa
748 2991 955 3051 Nicaenurum
970 3010 1124 3051 canonum
1138 2991 1290 3047 conutitu-

189 3077 288 3135 tianea
300 3078 455 3134 conarerie
467 3078 648 3156 infringere,
669 3088 823 3156 tanquam
842 3088 1009 3157 opportune
1025 3097 1058 3133 ae
1071 3074 1129 3132 titt
1142 3073 1200 3130 hoc
1216 3084 1289 3130 tem-

185 3179 249 3238 pus
263 3153 405 3218 obtulerit
418 3180 479 3239 quo
491 3159 619 3219 secundi
629 3160 756 3220 nonoris
763 3162 963 3240 privilegium
974 3156 1059 3219 aeder
1072 3153 1289 3217 Alexandrina

184 3242 356 3324 perdiderit
371 3256 400 3304 et
411 3245 604 3305 Antieclsena
617 3246 744 3305 sceieaia
761 3248 981 3325 proprietatem
997 3246 1104 3301 tertias
1122 3239 1289 3320 dignitatis

188 3332 343 3406 amiaerit,
364 3341 399 3389 ut
409 3329 461 3389 tte
473 3330 549 3412 lueis
561 3332 628 3390 iuri
638 3352 694 3389 auo
708 3327 844 3389 aubditia
864 3350 963 3392 omnen
981 3326 1206 3407 metropolitani
1225 3327 1289 3405 epi·

187 3418 276 3495 accpi
292 3418 422 3495 proprio
437 3415 550 3475 honen
563 3418 737 3495 priventur.
779 3413 893 3495 quibua
910 3410 1067 3479 inauditis
1081 3422 1110 3469 et
1128 3427 1289 3490 nunquam

188 3511 261 3559 ante
284 3503 411 3559 tentatie
428 3502 477 3559 ita
497 3503 688 3581 praeemiris
707 3498 875 3559 mensibus
884 3546 895 3577 ,
916 3511 952 3561 aet
973 3508 1114 3556 ranetam
1128 3494 1288 3575 eynodum,

189 3582 237 3644 ad
258 3583 494 3665 extinguendam
518 3587 620 3645 aulum
642 3587 792 3646 haeresim
816 3596 845 3645 et
868 3582 914 3645 ad
934 3584 1191 3665 confirmationem
1209 3578 1290 3660 fidei

191 3668 370 3731 Catholicae
390 3668 497 3730 studio
526 3671 787 3732 Chtmtianieaimi
811 3672 965 3751 principia
990 3678 1224 3749 congregatam,
1252 3666 1287 3722 in

189 3758 377 3816 occasionem
399 3756 538 3815 amhitus
555 3756 681 3834 nalem,
708 3768 736 3815 et
755 3768 792 3816 ut
812 3756 1035 3817 conniventiam
1056 3772 1147 3812 auam
1165 3750 1223 3809 tibi
1236 3746 1287 3808 det

187 3842 346 3921 impellar,
368 3852 517 3922 tanquam
529 3843 662 3920 refutati
671 3852 801 3923 nequeat
813 3838 900 3922 quod
910 3842 1018 3901 illicite
1031 3839 1161 3900 voheerit
1176 3834 1288 3893 multi-

188 3926 282 4004 tudo,
306 3938 335 3985 et
347 3928 408 3987 ilia
419 3929 628 3988 Nicaenorum
644 3946 798 3987 canonum
813 3948 871 4009 per
890 3928 1043 4008 Spiritum
1058 3946 1123 3982 vere
1137 3923 1287 3981 Sanctum

189 4009 336 4071 ordinata
348 4011 483 4073 nonduin
503 4014 538 4073 in
556 4014 668 4094 aliqua
683 4031 823 4094 utiquam
835 4016 880 4072 sit
887 4010 1128 4094 parteaoluhilia
1140 4016 1197 4066 ete.
1218 4022 1287 4086 per-

187 4095 233 4175 git
245 4095 325 4157 anim
339 4097 382 4156 ihi
403 4100 471 4159 suae
490 4099 521 4163 S.
539 4098 678 4180 pontifex
700 4096 768 4180 pari
781 4100 926 4178 grauitate
938 4114 1033 4178 prave
1046 4100 1220 4155 attentatam
1238 4108 1287 4149 ca-

187 4180 299 4261 stigare
312 4184 486 4246 nouitatem.
528 4183 719 4264 aequoniam
730 4184 889 4245 Anatoliua
900 4182 957 4243 sihi
977 4182 1124 4243 faventem
1138 4178 1288 4237 constan-

187 4266 385 4349 tinopolitani
403 4290 499 4353 snpra
519 4270 676 4332 memorati
695 4270 822 4333 canonia
839 4268 1115 4351 interpretationem
1133 4258 1288 4323 ambitioni
