3100 4850
189 326 192 333 '
253 318 327 391 290
568 318 746 387 GEORGII
770 315 1035 387 PAGHYMERIS

255 491 364 577 ιμέλους
376 486 477 576 ἓκεόνῳ
493 488 707 573 νομιζομένους
719 483 799 554 κατά
811 514 880 553 τινα
895 487 951 572 τὴν
965 486 1021 553 ἀπ’
1038 486 1136 554 αὐτοῦ
1151 492 1359 572 παραμυθίαν

220 609 293 661 Dte
322 592 372 657 καλ
400 590 570 673 εὐμένειαν,
606 592 660 675 τὴν
683 593 717 657 δέ
740 591 903 658 δέσποιναν
928 591 1001 674 μετ’
1025 590 1144 658 ἔκελσαν
1166 592 1293 675 πέμπειν
1313 591 1358 670 ὥς

257 694 317 783 ἀφ’
335 691 447 777 ἑαυτῆς
464 692 502 759 rol
518 694 702 779 νομίσματα.
754 693 771 759 ό
794 695 834 780 δὴ
854 697 904 763 καὶ
921 693 993 777 μετ’
1011 693 1048 759 orl
1073 694 1152 760 πολι)
1172 694 1354 781 πέπρακται,

257 800 307 864 καὶ
321 796 560 869 ἀποστέλλονται
575 794 591 863 ὁ
607 804 662 882 τῆς
677 799 837 883 ἐκκλησίας
853 793 1178 885 όπομνηματογρόφος
1193 802 1224 862 Γ
1220 796 1354 881 εμιστός,

258 899 274 967 ὃ
288 906 346 967 τοῦ
359 905 520 982 βασιλικοῦ
540 896 654 985 κλήρου
677 897 922 986 λομπαόάριοςὸ
941 896 1129 984 Οἶναιιότης,
1156 902 1207 964 καὶ
1221 903 1324 986 τρέτος
1337 897 1381 968 rifi

256 1010 312 1088 τῆς
323 1000 419 1089 Ἱερᾶς
432 997 630 1091 λερομόναχος
647 1001 799 1088 Μάρκος,
827 1004 937 1089 ἄνδρες
956 1004 989 1068 ἔκ
1005 1008 1139 1069 παλαιοῦ
1153 1006 1240 1089 <pilos
1253 1004 1356 1093 έκιένηι

256 1106 297 1172 τοὶ
314 1102 469 1190 μάλιστα,
493 1101 539 1181 οἷς
558 1104 661 1191 όηκαὶ
676 1106 761 1193 παρὰ
776 1112 832 1191 τῆς
850 1108 1011 1190 δεσποίνης
1026 1106 1065 1172 τὰ
1079 1109 1122 1183 εἷς
1137 1108 1245 1193 χριέαν
1259 1131 1356 1173 συνα-

256 1210 466 1277 πεστέλλουτο.
1251 1229 1256 1242 ·

358 1316 414 1400 Τῷ
438 1311 495 1393 μέν
516 1302 572 1376 σόν
599 1315 724 1393 βασιλεῖ
742 1311 798 1377 οὐκ
824 1305 863 1397 ἦν
886 1313 918 1387 ἐς
939 1316 1089 1378 τοσοῦτον
1109 1310 1150 1375 τό
1177 1316 1232 1393 τῆς
1256 1335 1356 1377 σπου·

217 1417 334 1499 Edit,
362 1412 442 1479 dttd
462 1415 513 1479 καὶ
535 1412 572 1479 τό
596 1413 687 1479 πλέον
707 1411 938 1499 προσεπεζῆτιι,
964 1421 1084 1497 μᾶλλον
1103 1415 1138 1479 dt
1152 1416 1203 1478 καλ
1217 1406 1253 1480 οὗ
1263 1411 1396 1498 χάρινλο

255 1516 349 1585 ταῦτ’
365 1511 543 1601 ἐπράττετο.
577 1514 613 1583 τό
629 1514 662 1582 rl'
680 1508 719 1599 ἦν
734 1516 797 1601 άρα
810 1516 885 1583 ὅσον
898 1518 930 1581 έν
943 1520 1065 1603 σπουδῇ
1078 1516 1192 1582 έκεένου
1207 1524 1264 1583 τοῦ
1279 1516 1357 1582 oiso-

257 1626 393 1704 σθῆναι,
418 1616 511 1685 τόσον
533 1620 564 1683 έν
587 1617 701 1709 ἆπορέᾳ
719 1626 777 1685 τοῦ
790 1626 857 1695 πῶς
871 1618 910 1687 tta
925 1619 1075 1702 ἀνυσθεέη
1089 1622 1140 1684 καὶ
1161 1619 1247 1705 παρὰ
1261 1621 1356 1695 τέκος.

151 1746 173 1799 1²
193 1744 241 1799 196
260 1722 351 1814 (17)
376 1720 471 1807 ἤθελε
485 1722 542 1805 μέν
556 1714 610 1786 οὖν
625 1721 681 1804 τὴν
696 1729 753 1790 soii
768 1726 883 1805 δεσμοῦ
895 1718 983 1788 λόσιν
994 1722 1137 1808 γενέσθαι
1150 1718 1235 1808 παρά
1251 1727 1353 1787 τετοῦ

255 1820 447 1912 πατριάρχου
469 1826 520 1890 καὶ
540 1820 642 1908 πάσης
662 1831 718 1907 τῆς
741 1821 894 1905 συνόδου,
914 1824 969 1891 τόν
993 1826 1028 1889 δὲ
1047 1821 1183 1890 λόσαντα
1203 1821 1353 1909 riomense

256 1930 301 2014 μὴ
321 1930 371 1995 καλ
388 1924 472 2005 όόξοι
485 1927 585 1994 siluro
600 1923 728 1993 linoln
743 1934 801 1994 τοῦ
817 1927 895 2015 πρός
911 1927 1091 1994 ἐκεῖνοντὸν
1104 1927 1181 1995 λαὸν
1199 1924 1353 2013 ὀλιγώρως
1363 1942 1395 1997 1⁵

256 2034 333 2117 ἔχειν
346 2037 439 2097 τοῦτο
453 2031 509 2114 μέν
528 2028 579 2095 διά
595 2028 691 2112 τὸμὴ
709 2029 759 2094 ἐπ’
775 2031 879 2120 ἐκείνην
898 2036 1167 2117 πληροφοριῖσθαι
1174 2079 1185 2112 ,
1205 2037 1298 2100 τοῦτο
1319 2031 1354 2096 dt

257 2138 307 2203 καλ
327 2134 378 2201 διό
394 2132 450 2216 τὴν
470 2131 693 2219 ἐμφαινομένην
710 2140 764 2199 τοῦ
778 2129 897 2220 θρόνου
907 2130 1089 2218 μετάθεσιν.
1142 2130 1211 2199 rid’
1236 2133 1354 2209 έννυέας

259 2455 315 2492 enm
332 2433 498 2503 intelligeret,
515 2433 633 2501 ingerere
649 2433 717 2504 qnod
734 2433 911 2506 scrupulosum
928 2453 1015 2491 senem
1030 2433 1174 2491 offenderet
1186 2449 1236 2488 non
1253 2448 1353 2486 sunm·

257 2525 289 2560 so
311 2523 344 2558 ne
368 2521 434 2556 nuno
457 2503 559 2571 quidem
577 2505 644 2555 velle
661 2505 801 2557 molestiam
822 2507 952 2560 decessere
967 2506 1082 2558 infirmae
1097 2503 1205 2558 hominis
1221 2503 1352 2555 conscien-

257 2575 330 2637 tiae,
356 2573 466 2637 ideoque
488 2578 641 2623 metuentem
658 2588 691 2624 ne
707 2580 840 2626 recusaret
864 2575 1036 2627 necessarlum
1052 2573 1190 2627 mbsidinm
1203 2571 1226 2623 si
1241 2571 1312 2624 sooi
1344 2572 1354 2624 i

258 2640 360 2695 nomine
376 2637 528 2702 offerretur,
544 2638 688 2692 consentire
705 2657 734 2694 se
750 2648 780 2694 ut
795 2641 821 2692 id
837 2642 969 2710 Angostse
984 2643 1132 2713 imputetur.
1166 2640 1275 2710 deniqne
1287 2657 1321 2693 re
1337 2656 1354 2691 e

258 2729 287 2764 se
303 2707 372 2762 mitti
389 2707 422 2760 sd
439 2724 496 2760 enm
513 2706 610 2777 aliquos
627 2708 763 2764 examinis
781 2710 835 2762 eius
851 2715 884 2762 ed
900 2711 1027 2782 quendem
1045 2709 1186 2763 calamitosi
1208 2708 1276 2762 senis
1292 2725 1352 2760 onu-

202 2813 206 2824 ·
257 2776 405 2832 solationem
429 2781 456 2829 et
481 2777 683 2842 recreationem,
709 2782 737 2832 et
760 2776 792 2830 ils
814 2779 966 2834 deferendos
983 2779 1015 2834 ed
1032 2780 1117 2850 ipsum
1139 2777 1207 2831 tradi
1222 2784 1353 2830 &mutos

257 2847 316 2901 illos
333 2861 444 2900 nummos
461 2851 580 2914 tanquam
597 2847 704 2898 donatos
720 2847 754 2900 ab
770 2848 902 2916 Augusta,
927 2866 986 2902 ouon
1008 2854 1080 2902 eerts
1120 2846 1269 2901 remissione
1284 2844 1355 2898 redi·

257 2923 332 2970 turne
353 2914 489 2984 quotannis
505 2915 538 2965 nb
556 2914 646 2968 endem
663 2932 737 2968 msnn
754 2917 824 2986 peris
840 2933 962 2973 summee.
994 2917 1021 2970 id
1043 2865 1120 2987 quotl
1129 2934 1180 2969 non
1196 2915 1275 2969 multo
1292 2919 1353 2995 post

256 2985 294 3038 ita
310 2986 405 3038 t'entnro
422 2991 469 3036 eet.
504 2981 616 3052 delegati
634 2983 701 3036 enim
723 2985 757 3036 ad
772 2986 906 3039 Arseninm
921 2992 982 3039 sont
997 2985 1122 3040 ecclesiae
1143 2993 1352 3038 conmentsrren-

257 3053 292 3108 sis
304 3051 445 3116 Geminus,
463 3067 570 3118 eumque
586 3053 634 3105 hoo
651 3051 715 3120 regii
733 3053 795 3106 cleri
809 3055 980 3127 lempadsrius
996 3056 1131 3108 Oenseots
1146 3061 1174 3106 et
1188 3051 1281 3106 tertius
1297 3069 1353 3104 nso·

255 3120 362 3177 nestorii
382 3121 478 3174 Iliense
501 3117 565 3175 dieti
590 3121 725 3176 monachos
746 3121 864 3186 Merene,
888 3124 940 3177 viri
964 3141 1050 3177 onnes
1065 3122 1117 3193 ipsi
1139 3123 1198 3176 olim
1214 3119 1353 3188 arusinis

255 3192 300 3264 qui
316 3196 344 3244 et
360 3193 523 3244 memoratum
539 3189 588 3259 ipsi
605 3191 638 3243 eb
654 3191 771 3258 Anguste
785 3193 925 3246 subsidium
941 3200 1119 3263 opportsrnnt.

325 3259 401 3322 Quse
416 3275 473 3315 vcnm
490 3257 566 3311 altius
583 3265 690 3328 reputo,
711 3259 827 3330 suspicor
844 3262 961 3332 equidem
978 3279 1027 3314 non
1044 3262 1094 3315 hoe
1109 3265 1208 3314 untnm
1223 3257 1250 3311 in
1265 3273 1351 3311 senen

257 3345 346 3400 parum
373 3326 424 3380 sibi
448 3344 556 3396 aequum
581 3327 693 3380 studium
718 3345 750 3380 ex
772 3330 828 3384 sols
848 3338 903 3383 tuan
920 3331 1081 3383 miserstione
1098 3329 1131 3382 in
1180 3327 1247 3380 stori
1264 3336 1351 3380 ustum

257 3413 333 3461 esse,
356 3394 556 3464 honriniflutiqne
573 3396 673 3450 minime
695 3396 806 3468 simplici
823 3404 869 3452 snt
884 3416 959 3451 unum
976 3405 1005 3452 et
1019 3399 1100 3452 cuivis
1116 3415 1132 3452 α
1150 3396 1218 3450 mons
1232 3402 1351 3466 speotsre

257 3464 285 3517 in
301 3465 334 3517 iis
351 3481 419 3532 quae
436 3473 527 3532 ageret
542 3465 632 3530 solito;
657 3481 738 3534 quare
754 3472 817 3535 poto
832 3467 902 3519 illurn
918 3467 976 3536 plns
992 3467 1019 3519 in
1035 3485 1066 3519 so
1083 3467 1192 3530 vidisse,
1208 3477 1286 3535 atque
1303 3467 1351 3518 loe

257 3535 328 3587 isoto
345 3531 473 3585 studuisse
489 3533 586 3586 munire
603 3553 634 3587 so
650 3537 811 3604 compleuere
825 3536 875 3587 sibi
894 3538 963 3589 viem
978 3536 1011 3588 sd
1028 3535 1174 3605 antiquum,
1190 3550 1242 3604 quo
1257 3533 1352 3586 dudum

258 3601 395 3666 tendebat,
420 3618 523 3671 scopum
541 3601 708 3656 absolutionis
723 3603 917 3686 impetrsndse3
942 3621 1019 3674 qoam
1034 3621 1088 3656 ren
1104 3608 1201 3674 qnsnto
1217 3602 1353 3654 relresnen·

258 3668 312 3722 tius
329 3669 463 3738 sopiebat,
486 3673 557 3723 tento
575 3671 695 3724 solertius
710 3673 842 3740 oogrtabet
863 3690 973 3742 quanam
998 3673 1094 3742 optime
1108 3672 1208 3726 rstione
1224 3679 1253 3724 et
1268 3687 1285 3722 α
1299 3686 1352 3739 qno

257 3735 359 3792 laoilius
373 3738 552 3808 honestiusque
567 3743 772 3808 consequeretur.
806 3742 878 3808 (17)
895 3742 1077 3811 cogitationum
1092 3758 1170 3811 porro
1185 3740 1241 3793 eins
1256 3754 1354 3792 mornas

258 3807 284 3860 ln
300 3805 326 3859 id
344 3807 540 3872 conterebatur,
562 3815 592 3860 nt
614 3807 753 3862 oursndnm
778 3809 937 3864 eximeret
957 3810 1023 3864 solvi
1046 3827 1105 3864 sese
1127 3810 1161 3863 eb
1184 3807 1353 3862 snstbessstis

257 3875 358 3930 vinonio
375 3892 422 3945 per
436 3875 607 3945 patriarcham
623 3881 651 3929 et
665 3893 711 3946 per
727 3877 858 3946 synodum.
891 3879 1087 4002 delqstrisrolrs
1102 3879 1239 3932 verebstnr
1253 3893 1287 3928 ne
1304 3893 1353 3945 ps-

258 3961 314 3998 runr
330 3961 361 3996 eo
379 3944 507 3997 exorando
523 3945 674 4014 proficeret,
692 3944 750 4015 ipso
766 3945 876 4000 libenter
891 3965 926 4019 qn
952 3965 993 4002 ens
1009 3965 1159 4013 assensuros
1173 3945 1221 4000 sed
1232 3945 1352 4015 quonism

257 4015 350 4082 exigua
366 4011 422 4066 eins
438 4011 506 4083 apud
521 4013 641 4083 populum
659 4021 686 4066 et
701 4013 785 4082 grstia
802 4024 857 4069 eret
872 4021 899 4068 et
914 4016 1071 4081 auctorita,
1086 4015 1234 4070 timendum
1249 4013 1353 4067 videre-

257 4088 301 4136 tnr
317 4099 350 4135 ne
364 4079 461 4135 invidls
475 4081 589 4135 auctoris
606 4089 691 4136 notum
712 4083 856 4138 infirmaret
871 4092 900 4137 et
917 4087 995 4140 telem
1017 4084 1202 4139 sbsolntioness
1217 4099 1266 4152 pro
1283 4080 1352 4135 nun·

257 4149 375 4218 plerique
396 4149 521 4220 irritoque
541 4150 681 4216 haberent,
703 4157 749 4205 tan
767 4169 825 4206 nem
845 4153 924 4207 letam
941 4155 975 4206 eb
990 4153 1091 4207 homine
1111 4154 1185 4206 euius
1201 4148 1352 4205 suetoritsti

257 4233 345 4284 parom
362 4217 486 4284 fiderent,
510 4225 537 4270 et
554 4218 652 4288 dequo
668 4235 701 4273 sn
718 4219 833 4290 legitime
874 4228 988 4276 ronotns
1007 4230 1091 4287 esset,
1114 4227 1222 4293 propter
1243 4217 1351 4271 vetites

258 4284 395 4338 canoribus
418 4285 451 4338 de
478 4285 569 4339 throno
592 4287 617 4340 in
641 4289 758 4342 thronum
781 4239 970 4346 trenellstionem
990 4291 1174 4360 subigeretur.
1207 4295 1297 4340 auctor
1321 4291 1351 4340 el
