3100 4850
425 343 582 416 mum.
622 345 991 418 OEltottotoelctts,
1182 350 1258 422 725

149 521 185 576 et
204 521 316 597 quarto
329 511 608 578 deisbdstrwimue'
651 511 778 592 etenim,
796 522 833 574 nt
849 511 960 574 diserte
975 513 1117 576 oculatus
1128 521 1214 579 testis
1226 531 1257 584 et

95 604 98 610 ’
149 613 268 662 auctor
282 599 414 662 cuiusvis
425 599 469 659 rei
482 599 620 680 locuples
633 597 813 679 Acropolita
824 599 968 678 Georgius
981 600 1088 680 tradit,
1109 605 1255 665 acclama·

150 695 206 748 tua
222 685 388 768 imperator
406 681 579 744 Tbeodorua
600 693 671 768 poet
688 685 786 764 petria
799 683 923 747 Ioannis
944 695 1086 764 mortem,
1109 691 1253 767 quasillo

147 769 270 832 Christi
284 792 363 832 euno
379 770 461 836 1255
476 767 564 832 tertio
577 769 641 830 kal.
655 769 836 831 Novembres
846 769 981 848 contigit,
1001 790 1107 832 curam
1120 773 1256 835 omnium

143 856 284 937 primam
297 853 398 936 posuit
412 855 444 914 in
459 853 652 934 providende
665 855 954 939 eeclesisepaetors,
976 862 1067 934 quani
1083 859 1256 937 patriarcha

143 941 277 1004 manuel
290 938 381 1024 paulo
398 949 468 999 ente
485 939 628 1002 loannem
650 941 715 1001 eiua
733 950 848 1022 patrem
869 940 1000 1002 moriens
1018 940 1182 1023 reliquerat
1202 945 1254 1005 vi-

145 1025 257 1088 duam.
299 1045 335 1084 sc
351 1023 378 1084 si
389 1024 483 1105 spetia
499 1025 591 1086 mbna
613 1045 646 1086 ea
666 1025 824 1086 occasione
838 1027 911 1088 actis
921 1045 1054 1105 congrua
1068 1028 1253 1108 dimetimur,

145 1119 237 1172 certo
249 1108 448 1189 intelligemus
461 1125 524 1172 non
536 1110 670 1192 potuisis
686 1111 807 1172 Arrenii
818 1113 1001 1172 evectionem
1014 1113 1053 1172 ad
1065 1111 1252 1191 patriarcha-

143 1203 302 1262 tumente
317 1207 449 1256 mensem
467 1197 621 1274 eius‚snni
640 1196 779 1258 ultimum
800 1195 876 1276 lieri⁸
915 1215 988 1256 nam
1008 1196 1173 1276 penultimo
1188 1199 1253 1261 No·

35 1281 36 1304 ³
142 1277 269 1341 vembri
281 1281 441 1363 persolutis
460 1281 608 1344 decessori
625 1281 742 1362 parenti
760 1280 936 1342 funebribus
947 1281 1053 1358 iustis,
1075 1283 1249 1344 deliberetis

143 1364 187 1427 de
202 1364 377 1444 patriarche
395 1365 470 1427 inita
491 1376 536 1427 eat
552 1389 569 1427 a
588 1365 758 1430 Theodoro.
800 1367 990 1447 primumque
999 1368 1104 1428 multis
1116 1368 1248 1430 circnm-

142 1449 263 1530 speotis
274 1449 308 1510 in
322 1449 493 1532 Nicephoro
504 1451 682 1528 lilsmmids,
703 1472 764 1533 quo
778 1450 986 1535 philosophiae
996 1452 1137 1532 msgietso
1150 1473 1247 1516 neena

35 1599 37 1606 ,
141 1534 316 1616 imperetur
334 1539 406 1600 usus
425 1537 542 1612 iuerat,
570 1536 735 1616 designetis
756 1537 903 1598 coneedit.
944 1556 1051 1597 verum
1067 1537 1138 1615 illo,
1160 1550 1248 1620 post·

143 1639 241 1698 quam
252 1620 341 1701 longe
354 1623 458 1682 absens
471 1622 617 1683 invitatus
629 1632 674 1683 est
683 1643 737 1702 per
748 1623 881 1699 nuntios,
897 1619 1042 1682 bonorem
1053 1620 1247 1701 detrectante,

35 1707 39 1744 ³
141 1723 229 1766 noea
242 1705 398 1786 inquisitio
414 1707 497 1786 digni
514 1707 572 1768 tali
585 1707 654 1770 lom
664 1707 726 1772 riri
735 1708 825 1769 ‹le'aiit
835 1709 871 1767 in
888 1706 1029 1781 Διίιιιὶος
1043 1707 1101 1788 bui
1115 1709 1247 1770 oblatam

35 1793 39 1830 ³
142 1789 325 1868 dignitatem
341 1793 473 1854 libenter
485 1792 646 1858 admittens
656 1811 695 1854 ex
711 1794 891 1858 munasterio
906 1794 945 1852 ad
957 1792 1057 1852 lacurn
1068 1793 1246 1871 Apollonis·

141 1867 285 1952 dissito,
305 1877 359 1938 nbi
374 1878 467 1940 uitam
478 1877 649 1958 religionem
663 1879 836 1957 umceht,
857 1879 995 1938 Nicaeem
1009 1877 1177 1956 proiectus,
1200 1878 1245 1938 ibl

140 1959 245 2040 apstio
267 1961 463 2024 hebdomadis
480 1965 571 2026 nnius
591 1961 669 2044 (non
687 1963 777 2026 unius
798 1963 874 2041 diei,
902 1972 939 2022 ut
952 1972 1107 2041 perperim
1116 1961 1243 2041 ponitur

140 2045 230 2127 apud
251 2048 457 2126 Spondanuur)
482 2050 587 2127 unius,
615 2049 752 2128 inquere,
774 2047 968 2110 bebdomadia
982 2045 1083 2127 spatio·
1098 2045 1243 2108 diaconus

139 2131 334 2193 escenderet
355 2133 525 2214 patriarche
551 2135 706 2194 ordinatui
728 2142 781 2212 est.
829 2133 969 2212 idimque
993 2151 1067 2192 mox
1084 2130 1195 2191 ritibus
1208 2133 1243 2193 iu

39 2248 41 2258 ·
139 2215 271 2283 ecclesia
284 2217 437 2279 consuetis
447 2218 641 2282 Theodorum
652 2219 781 2279 eundem
793 2218 1004 2301 imperatorem
1014 2216 1178 2280 coronavit.

230 2299 269 2366 ll.
303 2288 396 2364 Nemo
411 2324 473 2372 non
485 2303 613 2366 videtin
626 2303 673 2366 hia
688 2303 779 2368 iacile
796 2303 932 2365 consumi
943 2300 1082 2362 debuisse
1094 2300 1242 2361 intereu-

35 2399 41 2439 τ
137 2386 205 2447 lum
222 2388 529 2471 sesquimenstrunm,
554 2390 663 2452 utrix
685 2388 810 2451 tandem
828 2388 885 2451 snb
903 2386 1035 2450 madium
1047 2385 1241 2447 Decembrem

136 2473 458 2553 poeseaeionem'adire
470 2472 690 2555 patriarchatus
701 2474 845 2536 hessius
864 2474 1006 2554 potuerit.
1049 2470 1119 2549 quis
1136 2489 1240 2550 porro,

138 2567 178 2618 ut
192 2566 280 2617 notat
291 2559 476 2641 Acropolita,
498 2558 671 2625 Theodorus
682 2560 845 2641 imperator
857 2555 1240 2635 evocanssdrimopslim

136 2644 452 2721 inseruissemus,
475 2644 617 2726 expedire
636 2666 668 2705 se
683 2645 810 2710 Nicaeae
830 2643 987 2704 fraenabat
1006 2641 1169 2701 assumens
1185 2658 1238 2699 ce·

133 2720 275 2789 rimosis
295 2728 532 2811 inauguraticnis
553 2746 638 2806 suae,
666 2750 743 2809 quae
761 2729 858 2811 prima
872 2729 988 2808 ei‘apta
998 2734 1037 2789 se
1046 2725 1161 2788 obtulit
1174 2725 1238 2783 dies

35 2816 37 2845 ¹
134 2814 215 2895 (tait
229 2834 264 2873 es
278 2814 389 2875 Christi
403 2813 544 2895 natalie),
564 2814 599 2874 in
612 2836 646 2875 sa
659 2816 753 2877 sacris
763 2814 897 2895 primum
912 2820 1055 2893 operante
1067 2806 1238 2894 patriarcba

133 2899 304 2963 solemnem
326 2898 359 2959 in
379 2898 492 2979 templo
505 2896 729 2963 coronationem
747 2901 865 2979 sucepit
882 2898 931 2958 dis
951 2898 994 2964 26
1010 2894 1196 2963 Decembris,
1217 2912 1239 2954 a

133 3004 197 3065 qua
215 2983 279 3059 die,
305 3004 383 3065 qnae
393 2995 478 3046 sexta
491 2992 537 3045 set
551 2994 721 3059 numerata,
749 2983 922 3045 Decembris
939 2986 982 3045 3⁰
995 2979 1146 3041 hamstude
1161 2977 1236 3039 solia

132 3069 247 3149 eclipsi
266 3068 324 3129 tuit
342 3070 476 3147 insignis.
517 3068 660 3131 habemus
682 3089 721 3129 ex
739 3067 788 3129 hie
804 3066 1011 3129 initiumsedie
1023 3064 1141 3126 Arrenii
1152 3063 1235 3123 omni

131 3152 282 3216 firmitate
300 3152 499 3212 constitutum
518 3153 552 3209 in
576 3170 678 3211 menes
704 3142 862 3211 Deccmbri
882 3150 955 3212 enni
977 3147 1091 3213 reesa
1112 3145 1234 3206 Christo

35 3282 36 3295 ,
132 3248 222 3299 nato.
263 3235 467 3313 perseveravit
478 3234 549 3296 inda
561 3234 614 3297 ills
623 3234 655 3295 in
664 3234 828 3312 tranquilla
839 3230 1004 3293 munionis
1011 3227 1233 3311 patriarchatus

35 3298 37 3395 ζ
131 3341 231 3403 neque
240 3321 278 3380 ad
292 3326 416 3379 mortem
429 3312 579 3381 Theodori
588 3318 789 3399 imperatoria,
804 3336 880 3398 qnae
891 3334 991 3376 mensa
1005 3316 1143 3393 Angusto
1158 3314 1232 3373 anni

35 3454 37 3483 j
133 3405 250 3469 Christi
272 3406 353 3473 1259
372 3405 488 3482 evenit,
507 3422 625 3465 nemon
642 3420 738 3485 usqne
756 3403 795 3463 sd
811 3400 995 3463 erectionem
1013 3400 1047 3459 in
1070 3398 1233 3483 imperium

132 3490 291 3555 Michaelis
303 3489 489 3568 Palusologi,
512 3508 599 3569 quem
612 3498 642 3549 st
656 3487 826 3563 cmonarit,
846 3496 878 3547 et
894 3485 1015 3567 quidese
1028 3484 1137 3559 solum,
1152 3502 1233 3544 eon·

132 3587 183 3638 tre
205 3596 293 3657 quam
309 3584 453 3636 ststutum
471 3574 587 3648 luerat3
615 3572 706 3653 quod·
718 3574 778 3633 soit
795 3572 917 3636 initium
940 3568 1102 3630 deliniendi
1122 3569 1160 3629 ab
1173 3584 1232 3647 spe

35 3710 37 3745 ι
134 3661 260 3743 imperii
278 3658 538 3740 redigendique'lu
554 3659 688 3719 ordinem
707 3656 836 3720 infelicis
855 3656 943 3738 pueri
955 3655 1074 3719 Ioaeans
1087 3653 1149 3716 issa
1160 3654 1228 3713 du-

35 3807 36 3815 ,
134 3748 226 3825 gusti.
265 3746 490 3809 coronationem
509 3744 596 3809 istam
609 3742 778 3822 Pelssolsgi
796 3741 993 3824 probabiliter
1005 3738 1185 3801 conserimus
1196 3739 1231 3797 in
1271 3746 1274 3752 '

35 3828 40 3913 ',
134 3830 329 3897 Februarium
345 3830 415 3895 anni
429 3828 537 3893 Christi
553 3834 645 3897 1260.
686 3829 1009 3912 noulongspoatuam
1022 3824 1229 3905 temporesre

36 3928 37 3933 ’
135 3916 237 3977 senius
257 3937 324 3979 esra
342 3917 454 3980 ducam
473 3914 655 3997 poenitentia
678 3913 833 3977 facilitatis
856 3930 950 3987 sose,
972 3929 1031 3995 qua
1049 3908 1228 3991 pirmiaarat

35 4056 36 4063 ,
135 4000 234 4073 omitti
246 4002 468 4063 coemtionem
480 3999 590 4083 pupilli
600 4000 745 4081 principis
757 4000 820 4062 eius
833 3998 1020 4080 posssimus
1028 3994 1106 4057 idei
1116 4013 1132 4052 a
1141 4003 1227 4074 petre

35 4136 38 4167 ‚
134 4086 283 4148 moriente
303 4086 517 4164 commendati,
545 4086 653 4147 Nicaea
675 4086 791 4164 lugiens
809 4086 844 4144 in
873 4082 1087 4146 monasterium
1110 4077 1226 4140 &uum

35 4209 39 4229 .
134 4171 285 4233 Paschasii
294 4172 425 4251 secessit,
445 4172 547 4251 ibique
555 4172 707 4253 privatam
719 4170 907 4251 ageresitanus
920 4168 1061 4229 institnit.
1101 4162 1163 4227 boc
1176 4162 1227 4228 si-

35 4244 39 4263 ”
134 4255 222 4319 detur
235 4258 349 4319 fautum
362 4258 582 4321 menseblartio
599 4256 675 4318 dieti
691 4256 766 4318 aubi
788 4259 881 4324 1260.
921 4267 993 4315 nans
1008 4252 1072 4313 eius
1086 4250 1226 4312 minim·

132 4341 193 4402 tius
204 4344 338 4427 perlatus
348 4342 398 4405 ad
411 4344 624 4429 imperatorem
639 4340 955 4414 llisbaiilsmdicitur,
976 4358 1037 4420 quo
1048 4334 1228 4417 ammosa-ia
