3100 4850
443 297 593 424 enni
635 331 1002 418 eutososoucus
1194 336 1269 415 741

165 509 302 565 temut
316 500 462 564 stelleein
478 497 761 582 coeloeppererent.
802 499 1178 581 stdsiim'tuueihustsiep
1193 513 1269 565 note

165 587 229 662 loci
248 587 316 652 solis
333 589 367 648 in
389 585 534 646 Zodisco:
556 587 642 664 ponit
656 588 736 648 enisu
754 585 940 685 Nicephorue
948 587 1076 666 predum
1089 589 1111 655 4
1125 588 1268 654 Gemino-

164 683 387 832 abitt,
398 669 1268 839 ‘tttfflfitttttntwttss'ffltt

163 841 254 906 tendi
272 843 419 904 rationem
438 849 470 900 et
487 859 674 904 communem
692 860 825 904 urorem
842 843 1029 922 iungentium
1043 844 1266 921 esquinoctinm

162 947 311 1003 vernum,
332 945 385 986 eeu
401 926 532 1005 primum
549 915 675 1005 gridon
694 927 817 1004 Arietis,
839 947 908 989 cum
922 933 964 994 21
983 929 1100 1005 Mutii5
1117 928 1266 1006 qnemed-
1302 932 1308 944 '

161 1012 290 1074 modum
310 1011 371 1072 iem
390 1029 409 1070 e
427 1011 552 1072 consilio
573 1011 702 1072 Nicenro
723 1013 755 1074 in
773 1032 833 1077 usu
853 1013 885 1073 id
904 1021 987 1089 eret,
1014 1033 1080 1074 non
1095 1014 1264 1091 observato,

161 1099 269 1158 saltem
280 1116 343 1156 uon
357 1105 508 1173 correcto,
529 1095 603 1157 vitio
615 1097 824 1158 entecessionis
834 1097 1015 1178 aequinoctii
1025 1118 1131 1160 versus
1144 1098 1265 1160 britium

160 1181 296 1246 leuuerii
313 1181 403 1241 nnius
417 1181 475 1244 disi
490 1185 549 1261 per'
559 1191 680 1246 centnm
693 1182 817 1264 triginti
829 1183 946 1246 circiter
959 1203 1062 1244 ennon.
1104 1184 1156 1260 qui
1176 1203 1264 1245 error
1306 1210 1309 1216 ·

159 1275 269 1346 poetes
286 1276 438 1326 correctus
457 1275 504 1330 eet
524 1286 602 1326 enno
614 1266 725 1328 Christi
739 1267 838 1345 1682,
856 1269 984 1340 subluis
997 1274 1038 1336 10
1050 1267 1170 1348 diebus,
1192 1269 1263 1348 qui-

159 1351 220 1418 bus
241 1351 361 1412 initium
380 1351 490 1412 tristis
510 1349 608 1418 Mutii
630 1352 807 1432 vigesimum
829 1343 960 1432 primum
983 1363 1189 1435 preeoesseret.
1231 1361 1263 1416 et

157 1455 269 1498 revere
286 1456 303 1494 e
319 1436 444 1498 concilio
459 1436 588 1499 Nicneno
601 1435 706 1500 hebito
724 1457 804 1508 enno
819 1437 932 1500 Chr'nti
944 1441 1008 1508 826
1020 1457 1115 1517 usque
1126 1437 1167 1501 ed
1179 1447 1261 1498 tem-

35 1599 36 1602 *
158 1541 220 1602 pue
231 1519 321 1582 huius
335 1521 451 1601 eclipsis
461 1541 540 1584 euno
552 1521 664 1586 Christi
677 1526 759 1588 1267
772 1523 845 1584 enni
855 1525 1013 1589 duxeruut
1023 1524 1101 1600 942,
1121 1544 1179 1604 pro
1189 1522 1260 1601 qui-

157 1607 219 1668 bus
239 1606 424 1686 Nicephorue
440 1627 492 1668 sex
510 1607 621 1686 gradus
644 1608 851 1670 euteceseicuie
870 1609 1064 1672 Geminorum
1091 1608 1260 1687 usurpavit,

159 1712 230 1752 cum
250 1693 356 1752 merito
375 1702 488 1772 septem
512 1692 644 1772 integros
662 1712 821 1754 nummus
835 1695 990 1773 potuisset.
1032 1691 1143 1756 Sethus
1157 1693 1261 1754 Celvi-

157 1777 222 1838 eiue
241 1776 273 1837 in
294 1775 470 1858 Chronolop.
488 1797 567 1838 enno
580 1775 690 1838 christi
706 1778 881 1846 teophane
896 1779 1028 1860 eclipsim
1044 1780 1182 1852 notavit,
1203 1796 1258 1838 eo-

158 1861 229 1923 dem
244 1883 323 1922 enno
342 1871 371 1922 st
386 1861 511 1942 dieque
525 1861 725 1944 Nicepbomeq
745 1881 873 1942 eumque
886 1867 965 1926 ciros
977 1863 1000 1928 4
1012 1863 1139 1942 predum
1154 1862 1258 1921 Gemi-

155 1967 269 2023 norum
290 1947 358 2010 iure
377 1949 513 2028 corrigit:
532 1948 586 2008 sed
608 1948 762 2028 contigisse
781 1950 824 2010 eit
842 1948 919 2010 hore
933 1954 985 2015 11.
997 1951 1029 2014 9.
1041 1953 1081 2014 21
1101 1955 1171 2027 poet
1190 1964 1258 2006 ms-

156 2032 239 2092 ‹liem
258 2043 395 2110 noctem,
415 2032 532 2094 tardius
555 2032 650 2092 multo
668 2032 759 2111 quein
776 2034 851 2094 velit
867 2033 1052 2115 Nicephorue
1073 2033 1162 2111 qui8
1187 2040 1258 2110 ente

155 2117 311 2180 meridiem
331 2117 451 2198 scribit5
472 2138 541 2180 cum
560 2137 621 2197 quo
638 2117 715 2178 belle
737 2118 869 2183 celerius
884 2129 988 2182 noster
1000 2117 1151 2178 convenit.
1193 2137 1257 2176 nu-

154 2212 255 2264 meret
265 2212 366 2264 eutem
378 2203 523 2266 Cslvisiue
535 2203 642 2283 diqitqs
652 2203 868 2266 obscurationis
883 2210 935 2271 11.
946 2206 1007 2279 62,
1025 2205 1090 2262 fere
1104 2212 1140 2262 ut
1154 2220 1212 2260 noe
1222 2210 1256 2262 et

153 2285 342 2368 Nicephorii·
352 2289 491 2368 proxime
505 2287 545 2351 ed
557 2287 688 2356 totalem.
729 2290 835 2354 serien
847 2308 966 2367 qnoque
975 2296 1112 2368 quertm
1122 2285 1182 2346 rite
1197 2286 1255 2345 de-

153 2376 262 2453 signet.
303 2382 337 2435 et
352 2375 462 2455 probet
481 2373 582 2454 cyclus
604 2375 674 2435 solie
695 2377 752 2451 16,
772 2374 859 2435 litere
877 2375 903 2435 B
921 2373 1068 2453 Kspieros
1088 2372 1122 2433 in
1142 2371 1253 2431 tsbulis

153 2458 324 2523 Rudolfinis
344 2479 373 2538 p.
389 2463 431 2525 98
450 2458 582 2527 eiusdem
603 2461 744 2541 eclipseos
762 2459 945 2523 montionem
964 2458 1050 2535 fecit,
1071 2467 1103 2517 st
1122 2455 1254 2517 ostendit

152 2554 235 2607 recte
257 2564 279 2615 s·
294 2542 420 2605 Celvisio
437 2544 637 2625 Nicephorum
656 2530 853 2623 reprehendi,
874 2554 907 2604 et
924 2564 994 2607 cnm
1013 2562 1049 2603 eo
1068 2542 1154 2623 ponit
1167 2540 1252 2621 grad.

156 2634 206 2695 10.
220 2630 261 2694 59
279 2629 490 2706 Geminorum,
509 2630 599 2710 psulo
614 2626 764 2692 liberalior
776 2632 810 2691 iu
821 2629 953 2691 munds
994 2647 1087 2709 porro
1104 2627 1143 2686 ds
1157 2624 1253 2690 dure-

149 2713 237 2775 tione
248 2712 338 2775 huius
350 2711 463 2794 eclipsis
475 2734 572 2795 neque
583 2714 767 2827 Nicephorum
778 2734 876 2794 nsque
887 2714 1033 2778 Calvisius
1042 2721 1096 2773 eut
1104 2711 1252 2791 Keplerus

150 2799 316 2877 quidquam
327 2798 487 2863 eifirment
529 2808 561 2860 et
572 2819 645 2861 emo
659 2810 769 2878 quante
782 2822 818 2863 es
830 2800 932 2876 sumt,
953 2797 993 2859 ed
1004 2798 1094 2857 fidem
1108 2796 1251 2856 historiis

150 2893 208 2945 eut
223 2884 366 2965 temporis
385 2885 532 2947 retionem
548 2883 624 2946 nihil
642 2886 747 2961 refers,
768 2885 903 2967 probetis
923 2884 987 2945 eliis
1006 2881 1174 2944 certissimis
1189 2900 1249 2939 no-

148 2970 201 3031 tis.
242 2989 348 3031 verum
369 2988 408 3029 ne
430 2988 465 3029 ee
484 2970 692 3053 redintegrem
708 2965 1250 3051 unctumqueepilopiemumdeside-

148 3063 253 3129 retur,
273 3074 379 3133 megm
400 3054 549 3133 diligentis
568 3074 633 3115 eam
653 3056 833 3137 consignavi.
873 3066 907 3116 et
923 3073 962 3116 ne
980 3055 1047 3131 quis
1066 3052 1247 3111 brevitatem

149 3158 215 3201 non
233 3138 363 3215 integrse
385 3136 477 3195 horne
500 3141 533 3197 in
550 3138 653 3215 eclipsi
673 3158 767 3218 prope
785 3138 873 3199 totsli
896 3139 1017 3206 nimium
1035 3133 1246 3213 reprehendet,

149 3219 367 3285 velocissimum
387 3218 475 3281 lunee
494 3227 612 3280 motum
626 3230 818 3299 eppsrsntem
830 3221 909 3279 ciros
920 3225 941 3285 8
954 3219 1136 3299 perellsxem
1150 3217 1248 3295 longi-

148 3304 280 3379 tudinis,
302 3314 365 3363 tem
381 3304 414 3363 in
430 3303 592 3366 incidentia
611 3304 768 3365 mercando
790 3303 880 3367 velds
895 3306 927 3365 in
944 3302 1113 3381 quadrente
1135 3302 1245 3361 Osien-

148 3391 204 3458 tnli
229 3390 394 3469 eclipticse,
415 3408 505 3469 quem
525 3389 557 3449 in
579 3388 741 3451 emersione
760 3389 891 3450 multum
911 3386 1106 3449 decrescendo
1121 3385 1154 3445 in
1166 3406 1245 3465 que-

150 3476 259 3537 drants
272 3472 468 3551 occidentali,
491 3492 599 3553 queeeo
611 3482 648 3534 ut
661 3472 777 3534 meeum
790 3472 943 3547 attendet,
963 3481 993 3531 et
1006 3471 1120 3532 desinet
1130 3470 1243 3532 mirari.
1257 3464 1282 3520 P
1298 3462 1350 3519 5²5

148 3563 225 3623 bsec
235 3562 268 3621 in
282 3562 406 3640 grstiem
418 3559 455 3618 R.
469 3558 501 3619 1².
519 3558 646 3661 Possiniq
676 3560 728 3639 qui
743 3558 804 3619 viri
819 3557 905 3617 enrici
919 3558 1051 3620 lehomn
1061 3565 1178 3637 gustum
1185 3600 1196 3632 ,
1215 3554 1243 3615 ei

148 3648 261 3729 pleoet,
282 3644 417 3721 hebebit,
438 3654 469 3705 et
482 3664 551 3705 eum
565 3642 622 3705 deo
633 3664 667 3706 ιιι
681 3646 742 3708 enin
756 3642 939 3707 motionibus
949 3652 981 3705 et
993 3641 1180 3705 unctissimie
1190 3660 1240 3701 ee-

148 3730 267 3795 eriiiciie
281 3728 519 3792 commendetum
531 3728 661 3797 hebebit.

162 3905 167 3917 .
200 3866 283 3932 .1v.
323 3864 474 3927 menn
488 3866 525 3928 n.
536 3864 571 3927 Ρ.
582 3866 706 3931 resona.
717 3862 883 3925 caniani.
910 3862 959 3924 mi
978 3862 1135 3941 ὼς...
1156 3830 1239 3937 qnos

148 3952 301 4012 consultus
321 3972 339 4010 e
360 3970 409 4013 me
422 3950 461 4012 de
474 3950 575 4031 eclipsi
587 3952 689 4013 eedem
701 3952 737 4012 Ii.
751 3949 785 4011 1².
799 3950 922 4011 ioeunes
937 3948 1070 4031 baptiste
1080 3946 1239 4021 Ricciolue,

149 4036 248 4097 stetim
258 4036 468 4099 humanissime
480 4037 636 4118 respondit
646 4036 727 4097 hisce
736 4036 825 4119 plene
837 4036 945 4096 verbis.

203 4184 207 4195 ’
230 4153 308 4219 Aere
330 4156 652 4237 Constentiuopolitene
676 4154 819 4238 supponit
846 4154 1008 4237 completos
1026 4152 1114 4214 fuisse
1133 4146 1239 4209 mundi

148 4260 242 4303 annos
254 4244 338 4311 6508
357 4254 426 4305 suto
440 4244 580 4307 usitetsm
593 4240 702 4305 chrnti
713 4260 820 4305 suem.
861 4258 954 4321 queue
969 4258 1065 4300 ennue
1081 4236 1167 4307 6775
1185 4252 1237 4294 ⁸⁰·

147 4328 199 4390 ise
213 4329 557 4414 Gomtsutinopolitsnse
565 4338 612 4394 est
624 4346 710 4391 serso
720 4326 903 4394 Christisnes
922 4328 1013 4395 1267.
