3100 4850
468 273 615 346 unm
654 267 1025 348 meonetomces.
1217 262 1292 354 7'43

179 438 298 526 gravet
320 441 414 505 et'rei
433 441 586 504 llemanaa
603 441 867 524 pemieiotiatimas'
886 435 1053 506 inimicitius
1070 439 1230 525 'nmeuit',
1260 449 1295 510 iu

180 531 391 590 Ganttcuseni
410 527 584 608 praesertim
606 527 744 588 hutone
754 537 910 606 mnino,
930 529 1139 607 Andronicus,
1158 533 1292 612 inquam,
1307 545 1330 601 Ρ
1346 544 1399 601 526

180 616 299 676 Senior
317 611 468 675 hlichadlit
487 613 651 692 Palaeologi
668 613 777 693 prioris
796 616 1024 695 primogenitus,
1044 617 1162 697 imperii
1182 618 1293 698 collega

179 710 217 761 et
242 709 313 782 poet
335 697 430 779 patris
451 707 579 757 mortem
602 715 767 776 successor,
789 700 911 778 quondo
930 710 1019 761 natos
1039 702 1094 779 sit,
1116 721 1175 780 qna
1195 712 1292 763 aetate

176 805 318 846 uxorem
335 784 473 858 duxerit,
495 802 555 862 quo
570 803 648 842 euno
660 785 810 864 particeps
824 786 921 845 lactus
934 786 1026 846 fuerit
1040 787 1189 866 Augustae
1201 798 1292 868 pota-

176 871 291 945 statis,
310 869 460 928 incertum
474 867 587 928 iaoimrt
599 868 700 930 variae
714 889 749 928 ao
761 870 838 929 mala
852 873 931 930 inter
941 888 1004 931 sere
1018 871 1208 931 cohaerentes
1221 880 1290 934 cum

176 953 378 1032 Pachymeria
402 961 468 1012 tum
488 954 636 1032 Gregorio
655 962 685 1012 et
703 954 829 1015 oliorum
850 958 902 1034 qni
917 956 956 1015 da
968 956 1047 1016 illius
1058 958 1149 1018 rebus
1163 958 1290 1038 scripse-

175 1049 262 1103 runt
282 1038 502 1099 affirmetienes.
544 1057 635 1117 quare
650 1041 895 1120 operaepretium
909 1061 956 1100 me
970 1043 1119 1102 facturum
1133 1044 1242 1119 statui,
1262 1044 1289 1103 si

176 1123 371 1186 evolvendae
385 1143 422 1183 ex
435 1123 607 1202 amhagibus
620 1132 651 1183 et
664 1133 759 1200 carte,
782 1125 1018 1204 quoed‘lieebit,
1042 1128 1218 1206 digerendae
1232 1149 1288 1187 on-

175 1211 257 1270 dine
277 1227 378 1270 rerum
397 1207 490 1290 ipsius
505 1207 563 1268 hae
581 1207 708 1270 historio
720 1222 949 1271 memoratorum
963 1211 1169 1292 chronologiae
1182 1214 1287 1292 eapitis

174 1293 275 1356 liuius
295 1313 415 1376 operam
435 1293 644 1374 impenderem.
686 1297 784 1376 prime
799 1298 1101 1357 emniumststuenda
1115 1297 1285 1378 astepochr

174 1379 294 1440 natalis
314 1377 476 1440 Andronici
495 1377 599 1453 huius,
620 1381 768 1460 perplexis
782 1381 969 1460 Pachymeris
983 1393 1014 1442 at
1029 1383 1175 1462 Gregorae
1186 1403 1285 1443 asser-

173 1465 315 1526 tionibus
330 1474 449 1524 nutans.
491 1464 594 1525 scribit
606 1463 801 1546 Pachyrnaras
815 1467 834 1524 l
846 1471 866 1530 3
879 1487 905 1528 c
917 1473 939 1533 7
950 1467 1138 1528 Theodoram
1150 1467 1284 1528 Michae-

174 1550 216 1611 lis
239 1549 404 1628 Palaeologi
423 1567 565 1626 uxorem,
587 1569 656 1610 oum
676 1551 865 1631 comperisset
883 1551 982 1612 virum
1003 1573 1091 1613 suum
1103 1552 1231 1632 cogitare
1243 1553 1283 1613 de

174 1655 210 1696 se
221 1635 410 1716 repudienda
424 1633 670 1714 adsciscendsque
680 1636 747 1696 loco
759 1637 821 1696 eius
831 1637 864 1696 in
876 1637 1028 1716 coniugem
1041 1640 1127 1698 Anna
1139 1637 1284 1698 Alcmana

174 1721 300 1783 loannis
319 1721 460 1780 Batatsae
480 1720 550 1780 elim
572 1718 697 1800 Augusti
715 1721 824 1797 vidua,
844 1723 990 1801 gramm,
1011 1732 1048 1784 ot
1068 1743 1125 1801 par
1144 1732 1224 1799 aret,
1246 1724 1282 1783 id

172 1809 341 1883 ferentem,
361 1805 565 1886 expostulasse
577 1805 660 1883 quod
672 1826 703 1866 se
715 1815 885 1868 ceronatam
898 1806 957 1866 iam
969 1807 1131 1886 Augustam
1142 1810 1204 1866 sine
1219 1808 1281 1866 ulla

174 1911 270 1952 muts
284 1893 448 1972 imperator
460 1891 551 1951 vellat
564 1889 733 1966 dimittere,
754 1901 911 1973 postquam
925 1892 1024 1952 eiiam
1038 1891 1172 1970 Augusto
1185 1911 1280 1972 pepe-

171 1979 267 2039 risset
288 1975 380 2052 filios,
401 1977 530 2056 primum
549 1976 669 2054 quidem
682 1977 851 2036 ldsnuiilem
864 1975 917 2055 qui
930 1977 990 2036 cito
1003 1977 1149 2056 petierat,
1171 1976 1280 2036 deinde

172 2082 253 2126 vero
270 2061 476 2124 Andronicum
496 2059 596 2122 adhuc
614 2065 816 2142 superstitem,
837 2079 926 2140 quem
938 2071 1025 2142 pater
1038 2063 1117 2140 regie
1132 2062 1279 2137 nutribat,

105 2195 109 2204 ,
173 2148 308 2226 danique
327 2147 452 2207 tertium
469 2156 627 2226 postquam
647 2147 681 2206 in
698 2147 804 2208 tubam
825 2146 1110 2226 Constantinopolim
1129 2166 1146 2206 e
1163 2147 1278 2206 Latinis

171 2242 328 2314 receptum
346 2233 511 2314 imperator
526 2231 723 2312 migraverat,
744 2231 805 2291 illio
816 2233 849 2291 in
861 2250 997 2312 purpure
1010 2240 1115 2292 natum
1128 2230 1277 2290 Constan-

171 2319 278 2380 tinum
298 2318 435 2395 nemina,
464 2325 658 2396 cognomento
680 2316 979 2396 Porphyrogenitum.
1021 2315 1046 2397 sl
1063 2315 1179 2397 βασιλὶς
1199 2319 1276 2379 Θεο-

172 2398 263 2485 daipn
277 2407 412 2485 χαλεποῖς
426 2396 503 2509 elgar
513 2401 647 2485 deipnos,
670 2403 698 2464 tl
713 2401 858 2465 dionem
869 2399 1030 2483 δωμμένη
1043 2393 1122 2465 ealon
1134 2398 1187 2464 set
1198 2424 1274 2483 γνη-

171 2491 228 2553 eio
248 2482 343 2571 γυνή,
364 2482 426 2551 ὑπ’
443 2488 532 2568 ordei
551 2510 583 2551 ss
605 2491 647 2551 roi
664 2490 783 2569 βασιλεῖ
793 2490 922 2551 meaios
936 2488 1062 2563 παῖδας,
1085 2484 1137 2548 stol
1150 2489 1273 2568 πρῶτον

165 2572 232 2685 pis
251 2566 453 2654 ἐποιχόμενον
473 2568 578 2650 ἄλλον,
598 2550 653 2635 sdv
675 2567 847 2651 Meaovtil‘,
869 2566 933 2636 tiso
949 2568 982 2634 dl
996 2571 1048 2633 nel
1064 2569 1118 2635 τᾶν
1132 2565 1273 2650 περιόντα

173 2653 380 2738 Ανδρόνινον,
403 2653 442 2721 dr
458 2659 619 2737 βασιλικοῖς
637 2654 655 2721 d
674 2653 773 2739 πατήρ
785 2656 899 2737 roipot.
941 2676 980 2715 ex
994 2655 1040 2719 his
1053 2654 1177 2717 videtur
1185 2672 1273 2734 pessa

157 2744 269 2822 ‘colligi
282 2742 401 2802 sensisse
416 2741 627 2822 Pachymerern
639 2741 860 2815 Andronicum,
881 2741 971 2801 immo
985 2749 1015 2799 et
1032 2750 1185 2819 praeterea
1202 2739 1271 2800 nr-

167 2829 289 2891 nu'dlsm
303 2828 387 2907 pn'us
397 2837 566 2902 mortuum,
596 2836 666 2906 post
679 2828 787 2887 initum
800 2848 818 2884 a
835 2825 975 2886 hlichaide
987 2826 1270 2905 Palaselogoimpe-

125 2904 133 2921 '
166 2916 249 2974 rium
262 2921 356 2989 notos,
377 2922 414 2972 ut
424 2913 466 2971 sic
477 2913 543 2973 illos
558 2920 657 2973 matar-
665 2932 769 2973 eorum
781 2911 938 2973 lheedora
949 2910 1018 2973 viro
1027 2912 1088 2970 iam
1100 2909 1271 2990 imperanti,

100 2997 103 3003 ’
151 2992 261 3079 oivdpl
275 3001 317 3080 τῷ
329 3000 457 3076 βασιλεῖ,
478 2997 636 3075 pepererit

255 3080 291 3138 ll.
332 3080 424 3155 Atqui
443 3079 505 3137 hoe
523 3080 643 3155 quidem
658 3089 806 3157 repugnet
817 3080 873 3157 ipsi
886 3081 1014 3157 primum
1028 3076 1203 3153 Pachymeri
1218 3076 1265 3133 ai-

160 3162 301 3229 firmanti
322 3162 526 3221 Andronicum
548 3180 642 3220 annes
660 3170 768 3221 natum
786 3172 916 3237 quatuor
932 3170 964 3219 et
980 3160 1086 3238 viginti
1104 3160 1182 3237 patri
1196 3179 1265 3219 mo·-

136 3318 144 3333 ‚
162 3249 258 3313 rienti
273 3246 454 3308 successisse.
496 3247 520 3304 ai
535 3246 612 3304 enim
625 3244 648 3302 is
664 3254 749 3323 patre
763 3245 822 3304 iam
835 3246 1014 3324 imperante,
1038 3253 1068 3302 at
1083 3244 1203 3322 quidem
1215 3264 1264 3301 se-

164 3332 287 3396 cundus
303 3341 372 3413 post
384 3330 550 3392 manuelem
565 3330 597 3389 in
610 3330 734 3389 infantia
746 3338 916 3405 mortuum,
937 3338 1027 3387 natus
1040 3337 1098 3405 eat,
1120 3348 1189 3387 cum
1202 3326 1263 3388 ldi-

165 3419 268 3493 chael,
288 3428 324 3477 ut
343 3426 388 3476 est
406 3416 657 3488 damomtratam,
678 3414 824 3494 imperare
838 3414 969 3491 coeperit
984 3413 1043 3471 kat.
1057 3413 1173 3471 lanuar.
1188 3412 1260 3472 unni

165 3502 277 3566 christi
287 3508 377 3579 1260,
391 3502 491 3563 venire
501 3502 534 3560 in
543 3501 638 3561 lucem
650 3519 713 3558 non
726 3499 827 3578 potuit
840 3507 910 3557 ante
922 3518 1033 3558 anuum
1046 3496 1155 3566 Christi
1168 3502 1261 3574 1261,

68 3630 72 3637 ·
165 3589 282 3671 imperii
300 3588 461 3665 l’olaeelegi
480 3584 659 3660 seeundum,
679 3592 709 3643 st
727 3592 953 3659 consequenter,
975 3584 1096 3661 quando
1109 3582 1188 3641 idam
1199 3583 1258 3639 Pa-

165 3675 315 3755 laaologua
326 3672 452 3732 hliehodl
465 3690 560 3744 anno,
581 3680 617 3729 nt
633 3690 695 3750 cap.
708 3671 843 3747 sequenti
859 3668 1126 3741 demonstrabitur,
1147 3665 1259 3725 Christi

167 3762 251 3824 1282
267 3766 404 3818 mortuus
418 3766 480 3835 eat,
498 3755 686 3817 Andronicus
699 3774 760 3813 non
774 3754 832 3813 nisi
843 3774 989 3814 annorum
1002 3754 1091 3812 unius
1105 3762 1137 3811 et
1151 3750 1258 3829 viginti

165 3862 228 3902 asse
240 3843 393 3921 potuisset.
433 3850 546 3923 pugnat
557 3840 589 3900 id
601 3840 690 3899 etiem
704 3860 772 3899 cunt
784 3839 913 3918 eoquod
929 3840 1072 3919 Gregoras
1086 3837 1188 3896 scribit
1198 3832 1256 3901 114

164 3948 195 4006 p.
209 3926 265 4003 40,
288 3926 476 4001 Michadlnn,
492 3947 561 3987 cum
586 3926 707 3985 solemni
730 3944 837 4004 pompa
856 3923 1142 4002 Constantinopolim
1160 3941 1177 3980 a
1193 3920 1254 3979 nis

163 4023 367 4090 recuperatam
384 4014 530 4093 ingressos
549 4021 611 4087 ast,
631 4008 834 4070 Andronicum
846 4010 942 4070 lilium
955 4012 1014 4070 iam
1025 4019 1092 4067 tum
1104 4005 1250 4067 bimulum

163 4096 291 4158 duxissa.
334 4096 411 4161 lions
436 4094 513 4180 πρός
531 4093 589 4177 τήν
608 4098 746 4177 βασιλίδα
766 4100 830 4157 cois
852 4090 972 4159 πίλων
993 4090 1057 4174 ἅμα
1074 4098 1113 4175 τῇ
1131 4086 1248 4174 συζύγῳ

162 4182 307 4268 δεσποίνῃ
327 4180 379 4245 stol
397 4186 442 4268 τῷ
459 4183 517 4269 υἱῷ
533 4175 722 4265 Ἀνδρονίκῳ
740 4184 785 4266 opi
804 4178 866 4264 νέῳ
887 4182 1004 4260 βασιλεῖ
1022 4172 1161 4256 dnicaper
1184 4175 1250 4247 iter

159 4260 265 4349 ἔναντι
276 4270 331 4349 τῆς
343 4264 470 4350 sfltslor.
509 4266 673 4329 entissime
686 4266 764 4327 anim
775 4267 932 4329 statuimus
944 4264 1080 4345 superius
1087 4262 1258 4342 ingressura,
