3100 4850
468 307 515 366 ²
578 351 725 433 asan
750 356 909 431 noran
1216 355 1323 438 oso

190 514 429 589 aninesiorum
444 523 594 587 merim
618 515 831 606 Μγᾶμβρονξ
846 517 967 584 vocans·
1010 543 1049 584 ex
1064 521 1123 585 boc
1138 525 1291 589 Theodori

191 611 325 672 Laecania
344 611 469 670 secundi
491 609 681 670 matrimonio
702 617 803 666 natam
821 608 938 670 irenam
954 608 1033 668 idem
1050 609 1174 670 loannes
1191 613 1288 672 Duces

191 696 342 756 Tbaodori
356 705 443 776 pater
454 695 554 756 adbuc
567 695 673 761 nivem
687 693 881 752 Constantino
897 693 1059 754 collocavit
1073 694 1158 770 huic,
1180 695 1296 776 dequo.

191 781 243 842 bic
259 790 379 856 noster,
406 780 457 858 qui
471 790 584 860 partem
604 778 720 856 generis
735 796 773 837 ex
793 777 894 838 Serbia
909 777 1054 839 trahebat.
1095 789 1176 840 recte
1191 789 1288 841 autam

191 875 283 926 vocat
309 865 498 924 Constantini
522 864 676 941 coniugem
702 862 819 922 lienem
849 860 979 946 iaydvnv
1004 863 1127 943 dsanis,
1162 862 1222 925 boc
1243 877 1290 928 est

190 960 327 1033 neptem,
349 950 463 1030 quippe
478 969 516 1008 ex
527 949 641 1008 Helena
650 948 795 1026 genitam,
818 949 924 1008 daania
940 948 1012 1008 lilia.

275 1055 306 1114 p.
320 1037 385 1098 860
400 1053 431 1096 v.
448 1039 479 1101 2.
522 1032 698 1094 cardinales
716 1053 796 1112 quae
809 1053 867 1092 uos
881 1043 937 1094 eto.
980 1031 1090 1093 Piusll
1103 1032 1236 1093 oratione
1249 1033 1290 1094 ad

193 1118 378 1193 cardinales,
398 1137 475 1197 quse
486 1128 569 1178 extat
581 1127 739 1196 comment.
752 1118 774 1178 l.
791 1117 822 1194 4,
835 1118 879 1177 sio
896 1139 946 1178 eos
961 1118 1137 1198 compellat:
1160 1139 1214 1178 vos
1225 1121 1290 1178 ueri

191 1202 303 1263 munda·
322 1201 479 1280 cardines,
500 1224 599 1284 supra
618 1203 733 1284 quibus
752 1204 919 1262 militantis
938 1207 1052 1262 ostium
1072 1203 1213 1262 ecclesiae
1226 1205 1292 1262 vol.

191 1286 320 1346 cendum
335 1309 373 1347 ac
384 1286 549 1368 regendum
564 1299 616 1352 est.
659 1289 770 1348 ostium
784 1297 883 1348 autem
896 1309 973 1368 papa
988 1297 1115 1349 vocatur
1129 1297 1164 1348 ut
1179 1287 1292 1348 Christi

190 1374 339 1448 vicerim,
369 1373 476 1451 quide
496 1375 617 1452 seipso
641 1373 715 1432 dicit
736 1372 860 1433 loannis
881 1379 921 1439 10
941 1378 979 1438 9:
1005 1395 1061 1455 ego
1082 1393 1153 1432 aum
1165 1377 1291 1436 ostium.

192 1457 276 1536 qnod
290 1457 328 1516 de
342 1477 417 1518 auro
430 1457 481 1518 bic
498 1458 641 1520 scribitur
653 1458 693 1519 ad
706 1457 873 1518 cardinales
886 1457 977 1519 misso
991 1469 1027 1519 ut
1041 1479 1220 1539 papamque
1235 1477 1291 1518 vo·
1375 1475 1380 1488 ‘

190 1543 272 1602 lebat
287 1543 452 1620 imperatos·
471 1543 642 1617 damnent,
671 1541 775 1624 accipi
791 1552 827 1602 ut
844 1543 991 1622 scripturn
1005 1565 1022 1603 a
1035 1541 1225 1604 schismatico
1240 1563 1290 1604 res

191 1627 367 1686 Latinorum
382 1629 654 1706 etnegotiationem
668 1647 744 1706 quae
754 1647 839 1688 nunc
857 1627 1055 1690 inchoabatur
1070 1628 1289 1688 conciliationis

192 1713 385 1772 ecclesiarum
397 1713 543 1774 infamare
563 1722 692 1774 conante
712 1712 931 1793 suspicionibus
954 1714 1156 1774 calumniosis.
1198 1731 1291 1793 quare

43 1794 46 1802 ’
86 1846 91 1860 .
190 1798 218 1858 ia
236 1797 443 1858 auctoritatam
463 1798 495 1856 in
519 1798 579 1858 hoc
600 1796 723 1878 quidem
743 1797 933 1874 nonhabet,
961 1798 1011 1857 cui
1036 1808 1103 1859 tuto
1122 1797 1213 1857 inuiti
1227 1817 1292 1856 ere-

192 1883 293 1942 dendo
305 1883 440 1963 prudens
455 1885 558 1962 possit.
599 1901 659 1942 nec
671 1901 748 1962 opus
760 1891 826 1942 erat
837 1884 1063 1962 imperatorem,
1079 1881 1161 1942 baud
1177 1880 1292 1960 alioqui

192 1968 371 2048 prodigum,
393 1970 521 2048 pecunia
541 1987 639 2028 emere
655 1986 834 2028 consensum
849 1967 1001 2048 pontilicis
1021 1977 1073 2026 aut
1093 1965 1291 2026 cardinalium

119 2067 127 2085 ·
192 2055 225 2111 in
236 2052 514 2112 reconciliationem
529 2051 738 2128 ecclesiarum,
760 2071 849 2132 quam
869 2053 916 2112 illi
927 2071 1060 2133 semper,
1080 2060 1117 2110 ut
1130 2051 1218 2110 etiam
1233 2071 1291 2110 uo-

193 2145 256 2198 ater
271 2136 344 2197 alibi
356 2157 420 2196 non
432 2138 614 2216 dissimulat,
635 2137 760 2196 summis
781 2137 862 2197 votis
882 2144 1077 2218 optaverant,
1099 2135 1179 2196 ultro
1192 2135 1291 2217 parati

192 2241 249 2303 pro
261 2241 295 2280 es
311 2221 429 2300 quidvis
442 2223 563 2302 paciaci.
610 2222 648 2281 ad
669 2221 891 2301 impetrandum
911 2241 1011 2282 varos
1027 2219 1171 2303 pontifice
1183 2230 1220 2280 ut
1233 2222 1292 2280 Ca-

191 2306 250 2366 roli
262 2307 342 2386 ragis
353 2306 511 2366 advorsum
525 2327 557 2368 se
569 2306 794 2387 expeditionem
807 2305 994 2386 prohiberet,
1024 2307 1105 2386 quod
1121 2305 1210 2364 facile
1226 2323 1290 2364 cre-

193 2391 320 2452 diderim
331 2411 404 2471 prae
417 2392 554 2453 omnibus
571 2392 707 2454 voluisse
727 2389 921 2469 blichsiiem,
944 2390 1015 2453 satis
1029 2391 1093 2473 ipae
1106 2390 1292 2469 intelligebat

191 2477 257 2537 iore
269 2496 377 2537 veruna
391 2497 478 2537 auum
499 2479 533 2538 in
546 2497 650 2559 pacem
667 2477 861 2538 ecclesiarum
879 2477 1100 2558 procurandam
1125 2474 1292 2535 declarasse

190 2561 333 2621 studium.
377 2562 506 2643 deniqne
525 2562 577 2623 bic
596 2572 715 2623 tantm
736 2562 948 2642 qualicumque
959 2562 1019 2622 fide
1035 2560 1230 2641 Pacbymeres
1244 2560 1293 2619 al·
1380 2620 1385 2623 .

189 2646 292 2707 firmat
311 2646 445 2707 oblatum
461 2649 498 2708 ab
515 2649 697 2730 imperatore
715 2646 917 2707 cardinalibus
936 2666 1058 2722 aurum,
1080 2655 1236 2725 acceptum
1254 2644 1291 2705 ab

189 2732 230 2792 iia
244 2750 308 2791 non
322 2732 435 2793 merit.
479 2741 512 2793 et
526 2734 617 2793 fuisse
630 2732 743 2793 scimm
757 2730 880 2792 aliunde
891 2732 945 2793 illo
960 2751 1034 2793 aevo
1054 2731 1220 2791 cardinales
1236 2729 1292 2789 ali-

190 2836 268 2896 quos
287 2825 349 2875 tam
369 2827 506 2894 sanctos,
535 2821 588 2897 qui
610 2818 817 2877 abstinentiam
835 2816 979 2895 Fabricii,
1002 2816 1169 2877 Samnitum
1183 2834 1291 2875 aurum

187 2900 395 2983 aspernantis,
419 2902 452 2961 in
468 2922 500 2963 ae
513 2901 677 2963 desiderari
690 2922 752 2963 non
763 2902 906 2963 sinerent.

276 2988 381 3065 pdbi
405 2991 506 3053 v.10.
549 2990 631 3069 regii
655 2985 896 3046 archidiaconus
918 2984 1000 3045 clari.
1042 2984 1161 3066 caepim
1181 2981 1214 3043 in
1231 2981 1290 3043 bac
1306 2982 1329 3036 P
1346 2982 1399 3041 462

183 3069 317 3133 historia
330 3070 529 3152 Pacbymesea
544 3072 661 3133 indicat
680 3072 774 3133 fuisse
792 3069 974 3132 domesticos
994 3068 1092 3131 cleros
1107 3067 1292 3150 principum.

184 3156 237 3217 sic
249 3156 402 3236 superins,
424 3156 589 3233 a.221.4‚
610 3156 718 3217 scribit
734 3154 917 3237 Iosspbum,
946 3162 1107 3233 antequam
1126 3151 1292 3212 monachus

182 3238 295 3316 flaret,
323 3240 447 3301 lectoris
467 3241 603 3301 cilicium
625 3242 793 3300 exaremus
811 3240 844 3300 in
866 3241 947 3299 claro
970 3236 1135 3298 domestico
1152 3236 1290 3297 dominae

182 3324 302 3389 lmnss.
344 3323 419 3385 baec
434 3325 494 3384 luit
513 3328 598 3405 prior
612 3344 693 3384 uxor
712 3323 902 3405 imperatoria
917 3321 1151 3382 loannia'Ducas
1170 3321 1290 3400 saepius

182 3409 348 3473 memorati
366 3410 401 3468 in
420 3409 543 3470 bistoria
566 3409 688 3489 Georgii
704 3408 906 3489 Acropolitae.
947 3407 993 3468 sic
1013 3406 1051 3465 de
1070 3406 1178 3466 Pinaca
1192 3404 1291 3465 Hera-

186 3496 291 3557 cleota
310 3496 408 3574 capite
427 3494 560 3562 m0124
580 3494 625 3553 ibi
646 3503 767 3569 narrat,
795 3492 917 3575 quando
935 3490 961 3551 ei
983 3498 1103 3571 areptus
1119 3489 1220 3550 honor
1235 3498 1289 3565 sat,

186 3580 251 3663 ipsi
267 3580 382 3660 alioqui
400 3579 533 3656 debitus,
559 3576 754 3640 consecrandi
772 3574 960 3660 patriarchae
979 3574 1118 3656 losepbi,
1139 3575 1241 3634 datum
1256 3574 1290 3633 in

188 3666 333 3729 solatium
347 3665 430 3725 utin
444 3664 559 3746 palatio
569 3666 663 3726 saeris
676 3674 870 3745 operaretur3
891 3680 965 3743 quse
978 3680 1035 3737 res,
1057 3668 1093 3719 ut
1105 3659 1216 3719 ibidem
1231 3678 1290 3718 no-

188 3760 293 3826 tatur,
322 3751 437 3829 magnis
461 3751 692 3811 auctoramentis
713 3758 891 3830 quaestuosa
911 3755 983 3809 erat.
1033 3745 1078 3805 aic
1106 3752 1136 3803 et
1155 3745 1188 3802 in
1212 3742 1288 3803 aulis

188 3835 429 3898 Christianorum
441 3835 644 3896 Occidentalis
657 3834 799 3895 ecclesiae
811 3834 1027 3915 imperatorum
1038 3850 1074 3890 ac
1086 3848 1187 3908 regum
1201 3828 1290 3887 vide-

187 3942 257 3984 mos
269 3922 380 4001 templa
392 3922 526 4001 ipsorum
541 3920 707 3981 domestica
717 3940 789 3979 suos
805 3918 877 3979 item
895 3918 992 3978 cleros
1013 3925 1043 3977 et
1058 3915 1155 3975 omnia
1173 3912 1290 3973 ordinis
1314 3976 1317 3991 ⁸

186 4006 346 4067 ministros
361 4006 421 4065 iam
436 4005 508 4065 olim
520 4004 644 4068 babere.
682 4004 771 4065 etde
791 4004 857 4064 aliia
880 4004 1001 4076 sileam,
1023 4000 1056 4059 id
1069 3999 1187 4081 prolixe
1201 3998 1290 4058 docet

186 4089 323 4153 Bideris
338 4094 465 4150 Sanctae
477 4090 639 4173 cappellae
655 4090 764 4151 domus
787 4090 896 4169 Regiae
912 4086 1056 4149 Francius
1076 4084 1190 4145 dudum
1209 4082 1289 4143 edita

187 4180 299 4256 magno
311 4174 477 4236 volumine.

275 4280 307 4341 p.
317 4264 381 4326 363
394 4266 489 4345 v.·21.
532 4258 672 4339 dajamcti
683 4256 819 4319 cadaver
829 4278 888 4338 pro
902 4258 1009 4317 merito
1021 4256 1145 4314 animae
1157 4262 1214 4313 etc.
1241 4273 1290 4312 ss-

186 4343 232 4409 sia
241 4346 316 4409 baec
331 4355 530 4422 comentsnsa
545 4346 585 4408 iia
599 4364 677 4429 quaa
697 4344 807 4406 Franci
824 4342 987 4427 scriptores
1000 4340 1126 4402 tradunt
1144 4338 1292 4401 demorts
