3100 4850
273 255 352 338 536
579 253 816 328 OBSERVAT.
839 253 1077 327 Pacuium
1156 258 1161 282 ¹

274 423 386 506 liquies
412 421 632 506 particularum
658 420 925 484 eucharisticam
952 421 1056 503 pneris
1078 421 1239 505 baptisatis
1261 441 1379 484 consu-
1503 390 1505 457 l

276 509 400 573 mendas
423 509 504 570 dare.
545 507 606 570 hoo
625 507 703 568 idem
721 518 750 570 et
768 507 955 589 Nicephorus
975 509 1114 570 Callistus
1134 509 1212 570 llist.
1231 509 1315 570 Eccl.
1338 513 1379 574 1¹!

278 617 305 657 c.
319 594 360 662 26
380 603 509 656 testetur
526 593 573 654 his
594 594 708 656 verbis:
732 593 805 676 ίθρς
823 587 1005 674 κεκράτηκεν
1019 593 1052 656 is
1065 598 1230 680 πολλοῦυῇ
1245 596 1381 675 βασιλίδι

277 686 341 744 rein
362 673 493 756 nitens,
516 677 560 754 cic
578 677 704 744 ἐπειδᾶν
719 673 798 742 noti
816 702 846 742 ss
865 682 927 741 sois
944 681 1076 760 pepticas
1088 683 1146 743 susi
1161 673 1311 759 ἆχρᾶυτου
1324 679 1380 741 scal

279 767 370 830 θείου
395 759 534 846 σώματος
556 769 614 828 τοῦ
636 765 744 846 κυρίου
765 763 818 826 sal
838 767 918 827 θεοῦ
941 761 993 828 sal
1016 768 1151 847 σωτῆρος
1168 763 1258 846 ἡμῶν
1277 759 1381 844 Ἰηοοῦ

280 856 417 936 Χριστοῦ
429 851 677 930 tvanotesourtn.
694 845 1024 949 pascetussues‘wic
1035 850 1132 931 lopiac
1145 851 1257 925 παῖδας
1268 844 1377 928 sipii-

279 959 353 1018 ρους
375 933 409 1000 is
433 938 495 999 tois
514 935 546 1010 lc
566 930 842 1024 qapnslsincnitou
855 957 1047 1014 patrantes,
1068 934 1120 998 sul
1135 930 1248 1010 ταύτας
1258 931 1379 1014 νήστεις
1503 948 1505 990 ε

279 1021 415 1089 letires·
446 1017 524 1102 ‘idel
548 1019 601 1084 sal
622 1019 689 1104 lpol
708 1013 855 1164 nottispp
875 1018 1011 1105 υοιοοίρφ
1037 1022 1152 1107 κομιδῇ
1170 1043 1206 1104 ps
1223 1017 1293 1086 ὄπι
1314 1020 1378 1083 ἐπι·
1503 1036 1504 1043 ’

280 1105 393 1188 &veliin
410 1103 553 1187 γὲνίσθοι
577 1113 633 1166 etc.
677 1117 823 1167 consuetu
846 1126 864 1166 o
890 1125 913 1164 a
939 1106 1037 1165 multo
1061 1117 1191 1185 tempore
1216 1107 1381 1187 imperanti
1503 1122 1504 1127 ¹

280 1192 353 1254 urbi
364 1192 452 1274 suit,
474 1203 510 1251 ut
530 1211 626 1272 quum
641 1191 827 1278 plusculam
841 1189 878 1249 de
889 1191 1038 1272 partibas
1053 1193 1251 1253 immaculati
1262 1191 1381 1251 divini-

280 1300 340 1362 que
355 1278 490 1358 corporis
503 1275 621 1338 domini
635 1288 663 1336 et
679 1276 729 1338 dei
744 1289 772 1336 et
786 1277 953 1339 senatoris
968 1279 1067 1337 nostri
1083 1275 1153 1339 Iesu
1169 1277 1286 1338 Christi
1305 1277 1380 1336 reli-

281 1385 379 1447 quum
402 1373 496 1439 esset,
518 1359 689 1424 sacerdotes
699 1382 817 1448 pueros
826 1364 1069 1444 incorruptam
1081 1366 1123 1423 iis
1137 1365 1192 1446 qui
1201 1361 1248 1422 ad
1255 1383 1379 1444 praece-

277 1462 396 1532 ptorem
414 1449 571 1529 infitiaris
587 1446 657 1512 tadi
674 1461 745 1508 rant
763 1459 961 1526 accesserant,
983 1451 1040 1530 qui
1052 1450 1151 1510 ieiuni
1164 1449 1315 1536 reliquias
1328 1469 1379 1506 aas

281 1533 408 1596 ederent.
450 1531 534 1618 qaod
550 1532 672 1615 quidem
688 1534 766 1594 mitt
786 1555 907 1614 quoqne
928 1554 1157 1615 saepenumero,
1186 1555 1286 1616 quam
1302 1555 1380 1614 pass

282 1616 452 1680 admodum
473 1641 580 1698 assem,
602 1622 741 1704 contigit.
782 1618 858 1680 haec
878 1619 1033 1697 Callistus3
1062 1621 1116 1700 qui
1137 1632 1206 1681 cum
1224 1619 1380 1680 historiens

280 1705 472 1786 inscripserit
487 1703 660 1767 Andronico
681 1705 858 1784 Palaeologo
875 1703 966 1766 huius
984 1706 1082 1768 nostri
1101 1704 1257 1766 Michsilis
1269 1704 1335 1764 lilio
1351 1713 1381 1764 st

281 1791 466 1867 successori,
488 1791 680 1852 menifestum
696 1801 741 1853 nst
762 1811 823 1872 quo
842 1799 978 1872 tempore
996 1789 1071 1852 haec
1088 1811 1166 1870 quas
1181 1811 1265 1852 nunc
1279 1797 1381 1851 nsmt

280 1874 479 1956 Peohymeres
493 1877 700 1956 contigerunt,
723 1877 809 1938 huuc
819 1875 921 1936 adhuc
930 1897 1045 1938 morem
1062 1877 1202 1955 viguisse.
1243 1877 1298 1955 qui
1308 1875 1379 1956 qui·

230 1993 232 1998 ·
283 1961 352 2022 dem
368 1982 384 2019 a
398 1960 542 2042 Dionysio
557 1965 701 2044 Areopag.
719 1963 871 2024 Clemente
884 1961 1028 2022 Alexand.
1043 1971 1075 2021 et
1086 1961 1152 2022 aliis
1165 1959 1379 2041 antiquissimis

282 2045 419 2130 patribus
434 2046 636 2107 testimonium
656 2045 754 2110 hebet.
796 2047 955 2108 undosius
969 2047 1135 2108 honorilice
1148 2047 1287 2107 meminit
1301 2047 1381 2106 Con.

282 2131 389 2194 cilium
402 2131 609 2193 Tn'deutinum
625 2137 742 2198 sess.21
760 2131 864 2213 cepi.
896 2153 966 2192 cum
979 2133 1058 2196 euim
1070 2131 1253 2194 definivisset
1264 2149 1382 2212 pervu-

282 2215 331 2279 los
345 2228 413 2278 ante
426 2217 554 2281 rationis
568 2237 654 2282 usum
668 2239 731 2282 non
744 2216 868 2296 obligari
882 2217 922 2278 sd
936 2219 1160 2298 perceptionem
1176 2217 1396 2296 οιιοίιοτίοιίιι,Ι

283 2297 361 2364 haec
374 2301 475 2362 addite
496 2323 589 2384 neque
603 2301 671 2368 ideo
687 2313 788 2362 tamen
802 2301 982 2362 damnanda
998 2315 1042 2362 est
1056 2306 1249 2386 antiquitas,
1269 2305 1301 2361 si
1313 2321 1382 2360 ease

167 2381 170 2394 '
285 2409 398 2449 morem
419 2390 453 2449 iu
471 2385 658 2471 quibusdam
682 2389 758 2449 Iocis
782 2387 954 2469 aliquando
972 2392 1118 2453 servavit.
1161 2400 1197 2448 ut
1213 2390 1293 2451 enin
1308 2407 1383 2448 sau-

284 2477 417 2539 utissimi
436 2468 487 2537 illi
503 2486 611 2557 patres
624 2477 676 2535 sui
687 2476 775 2557 sacti
785 2474 978 2557 probabilem
991 2495 1121 2542 causam
1129 2497 1190 2556 pro
1203 2474 1295 2534 iliius
1307 2484 1383 2534 tem·

280 2562 371 2643 poris
389 2564 507 2621 ratione
523 2558 714 2638 lsabuerunt,
735 2564 783 2620 ita
806 2572 882 2620 ceste
900 2582 949 2620 sos
964 2562 1056 2621 nulla
1075 2562 1192 2621 salatia
1211 2563 1383 2621 necessitate

284 2644 455 2733 idsecs'sse,
476 2648 543 2709 sine
554 2649 760 2711 controversia
773 2644 955 2706 credendum
965 2658 1018 2709 est.
1058 2648 1103 2707 sic
1114 2667 1199 2707 sacre
1210 2646 1356 2726 synodus.

370 2720 391 2793 ol
400 2726 645 2813 διαφορότης
666 2753 696 2813 p.
713 2734 775 2799 281
790 2750 821 2792 v.
834 2736 865 2800 7.
908 2732 1024 2797 dudum
1036 2742 1081 2793 est
1095 2752 1165 2793 cum
1179 2730 1382 2805 ecclaiastioi,

282 2815 459 2899 praesertim
474 2816 611 2893 ascetici,
633 2815 796 2896 scriptores
809 2816 924 2895 aliquid
938 2817 1124 2879 innovarunt
1136 2817 1169 2877 in
1186 2817 1311 2878 notione
1325 2836 1384 2874 vo·

287 2898 331 2959 cis
353 2892 536 2981 οἷδιαφορία,
564 2919 620 2981 pro
645 2920 704 2981 qus
727 2909 831 2960 noster
854 2896 1081 2987 disapopn‘sqm
1098 2901 1159 2963 hoo
1180 2903 1250 2963 loco
1271 2900 1383 2983 posuit.

287 3004 358 3043 cum
379 2984 458 3045 enirn
481 2982 654 3065 philosophi
674 2994 789 3047 veteres
808 2986 916 3047 Grseci
937 2989 974 3049 de
995 2988 1129 3049 monibus
1147 2998 1284 3067 egentes,
1304 2987 1384 3047 intes·

285 3064 400 3130 bouum
416 3079 446 3131 et
458 3072 569 3131 malum
583 3068 713 3130 medium
732 3069 875 3151 quiddam
887 3067 1060 3154 οἶδιοὶφορον
1075 3082 1237 3149 vocarem,
1257 3073 1303 3133 uti
1319 3070 1384 3130 cul-

282 3154 344 3237 'pee
355 3155 397 3215 ite
412 3162 443 3216 et
457 3156 552 3217 leudis
567 3174 684 3238 expers,
708 3154 880 3234 Christiani,
902 3156 984 3221 docti
999 3160 1077 3220 forle
1089 3159 1260 3239 evangelice
1271 3154 1384 3218 Christi

286 3240 453 3316 sententis,
479 3238 605 3303 verbum
627 3240 716 3302 etism
740 3243 870 3304 otiosum
889 3244 1064 3305 reddendae
1083 3243 1197 3304 rationi
1220 3243 1385 3304 obnoxium

281 3338 349 3386 'esse
367 3326 577 3406 denuntiante,
601 3322 634 3391 si
647 3320 819 3410 ἀδιάφορον
833 3330 909 3390 vitio
923 3339 1149 3393 acceusuerunt.
1190 3328 1275 3411 quod
1294 3346 1385 3411 prse-

284 3410 388 3471 sertim
404 3414 437 3471 in
452 3414 481 3471 8.
496 3410 606 3474 Basilio
622 3419 652 3473 et
664 3412 728 3472 eliis
742 3402 962 3496 qui‘olanqrsui
978 3415 1163 3497 scripserunt
1183 3434 1307 3475 eernere
1322 3422 1384 3489 αῖς

309 3504 380 3556 ront
400 3497 472 3557 alias
491 3496 614 3560 memini
635 3508 783 3559 annotare
806 3518 854 3560 nso
876 3500 916 3560 ad
929 3500 1024 3581 Epist.
1036 3502 1067 3560 S.
1081 3500 1142 3561 Nili
1155 3518 1304 3561 cccxxxv.
1345 3517 1385 3557 ex

285 3515 347 3641 hoc
365 3600 424 3642 usu
440 3582 635 3663 pachymeres
648 3580 701 3643 hic
714 3582 887 3646 solutionem
901 3605 958 3648 nec
970 3584 1262 3671 inreprehensibilem
1276 3582 1385 3665 agendi

283 3666 454 3729 libentstem
467 3662 692 3751 ἅδοοφορότητα
705 3670 835 3733 sumsit.

371 3752 495 3831 υίτοος
515 3772 544 3835 p.
556 3754 620 3821 482
635 3774 664 3815 s.
679 3756 708 3819 6.
752 3754 835 3836 quod
846 3754 976 3836 theologi
987 3755 1088 3816 Latini
1102 3755 1287 3837 hequentius
1294 3755 1386 3837 prin·

285 3836 404 3919 cipium
420 3838 573 3921 appellant
586 3838 618 3899 in
633 3838 746 3899 divinis
757 3839 1010 3922 productionibus
1024 3842 1062 3901 ad
1077 3842 1167 3913 intre,
1188 3842 1297 3902 Graeci
1312 3858 1386 3920 pss-

286 3921 343 3983 sim
360 3922 458 3987 αίτιου
472 3924 615 3988 etentes
629 3924 743 3989 dicunt.
787 3945 844 3986 nec
860 3928 1042 3988 vocabulum
1058 3947 1157 3987 causa
1170 3942 1385 4007 usquequaque

287 4006 325 4066 ab
343 4027 379 4069 eo
399 4030 456 4071 usu
476 4007 626 4074 abhorret.
668 4012 698 4071 S.
709 4006 843 4071 Hilarius
856 4012 894 4072 de
907 4013 1016 4074 Trinit.
1027 4014 1079 4073 tn.
1096 4016 1134 4077 11
1155 4020 1274 4093 patrem
1296 4016 1386 4069 vocet
1503 4011 1504 4088 ff

287 4111 418 4153 ceresam
435 4096 612 4155 nativitatis
621 4096 701 4177 filii.
746 4105 777 4156 et
796 4096 848 4159 lib.
863 4102 922 4169 12,
941 4118 1030 4177 egens
1049 4096 1086 4159 de
1107 4096 1298 4175 generations
1320 4094 1384 4167 filii,
1503 4125 1504 4148 i

287 4184 316 4232 et
335 4196 369 4233 es
390 4197 504 4257 caasa,
525 4180 643 4259 inquit,
658 4182 798 4262 perfecta
815 4193 910 4263 atque
931 4182 1147 4243 indemutabili
1162 4202 1311 4258 meumes
1330 4198 1385 4239 ’κ’

286 4276 365 4315 cesse
378 4272 422 4319 est
435 4284 579 4322 escasssa
592 4266 625 4323 in
639 4286 755 4326 causae
768 4269 869 4347 ipeim
875 4271 1065 4350 proprietate
1074 4278 1236 4335 nascatur.
1277 4263 1384 4330 ΜΨ
1503 4251 1504 4340 l
