3100 4850
322 979 371 1068 P.
415 973 683 1066 POSSINI
724 973 1123 1068 DEDICATIO.

462 1239 681 1307 8cher
714 1239 986 1308 MEMORIAE

123 1349 222 1458 u
321 1349 368 1456 a
460 1351 504 1458 Β
599 1351 649 1457 Α
743 1351 794 1457 Ν
889 1350 915 1456 ι
1046 1264 1271 1483 vr1r

380 1507 602 1584 SUMMI
651 1505 1063 1586 PONTIFICIS

140 1689 147 1706 .
232 1621 635 1715 GEORGIUS
693 1621 1211 1714 PAGHYMERES

297 1759 427 1827 Ettts
462 1755 788 1827 BEttssttlc'to
820 1757 1145 1828 ltttnlvlvtts

454 1859 752 1916 roborasses
787 1858 992 1915 enarres.

166 1953 370 2076 synagogae
397 1997 509 2061 veteris
534 1997 728 2082 pontificibus
755 2013 859 2048 ιιιιιιο
881 1999 986 2067 Rheae
1011 2009 1181 2064 memorant
1208 1995 1272 2062 sin-

168 2095 268 2174 gulari
294 2096 455 2177 privilegio
482 2097 642 2165 tributum,
674 2101 710 2147 nt
735 2097 834 2150 morte
861 2106 917 2149 sue
944 2083 1115 2173 panderent
1143 2098 1274 2181 reditum

168 2193 318 2257 exulibus.
360 2189 430 2275 plus
455 2207 548 2274 posse
572 2207 673 2251 novae
698 2187 774 2268 legis
801 2198 831 2249 et
853 2185 964 2252 Christi
985 2189 1129 2282 ecclesiae
1149 2193 1274 2274 pontifi.

166 2316 219 2358 ces
241 2292 367 2356 feliciter
387 2289 528 2376 experior
546 2287 641 2353 hodie
661 2309 680 2352 a
699 2286 765 2364 Te,
795 2290 879 2354 carius
908 2291 1002 2372 gratia
1023 2287 1140 2354 dudum
1159 2291 1274 2358 mortui

164 2393 348 2482 iampridem
384 2403 415 2457 et
448 2393 515 2480 ipse
544 2403 682 2456 mortuus
711 2391 814 2457 lucem
841 2392 966 2477 aspicio.
1004 2400 1190 2479 'propagasse
1217 2415 1270 2460 me
1328 2410 1335 2428 ·
1389 2447 1393 2458 ,

163 2510 305 2585 putaram
333 2497 429 2561 vitam
460 2496 589 2559 brevem
614 2492 647 2557 in
675 2495 858 2581 posthumae
876 2494 1108 2557 immortalitatis
1126 2487 1272 2586 perenni-f

164 2610 276 2675 tatem,
305 2592 461 2659 scribenda
482 2592 557 2661 dum
576 2596 714 2663 viverem
734 2595 859 2659 historia
879 2596 943 2660 mei
963 2596 1125 2683 temporis,
1146 2607 1177 2659 et
1197 2596 1272 2661 actis

164 2722 230 2764 non
250 2696 381 2779 indignis
403 2698 524 2779 cognitu
544 2698 764 2785 principatuum
786 2696 932 2780 duorum,
953 2700 1062 2787 quibus
1082 2708 1113 2762 et
1132 2686 1191 2762 nos
1212 2696 1269 2761 eli-

164 2796 249 2888 qdod
280 2820 454 2887 nomenque
479 2798 630 2887 decusque
657 2822 860 2881 gesseramus,
887 2824 928 2865 ex
948 2805 1066 2869 oculata
1082 2800 1189 2864 notitia
1210 2796 1269 2890 du-

163 2902 239 2990 plici
257 2902 415 2965 volumine
435 2898 611 2983 vulgandls:
633 2900 689 2963 sed
709 2922 803 2987 quam
822 2904 882 2967 sint
901 2904 1033 2968 incertae
1052 2916 1123 2991 spes
1146 2912 1177 2965 et
1195 2923 1269 2989 pro·

162 3003 319 3071 videmiae
337 3005 491 3069 humanae
510 3025 580 3068 sero
601 3002 801 3091 deprehendi,
827 3016 900 3093 post
919 3008 1033 3072 eineres
1053 3006 1179 3071 demum
1196 3028 1269 3071 sen-

163 3107 244 3169 tiens
270 3106 328 3167 ista
359 3104 421 3171 duo
442 3129 461 3170 e
481 3129 533 3171 me
552 3107 650 3189 longis
677 3110 848 3171 elucubrata
867 3109 993 3190 vigiliis,
1021 3120 1052 3172 at
1071 3130 1179 3196 parom
1198 3112 1269 3172 iau-

164 3208 221 3273 a'tis
252 3208 393 3293 auspiciis
424 3230 516 3297 opera
545 3231 599 3297 pro
628 3230 696 3273 arce
722 3200 883 3274 Minervae
908 3232 1000 3297 quam
1026 3212 1070 3275 eis
1092 3208 1267 3296 desponde-

164 3330 252 3387 ram,
283 3310 360 3372 nihil
393 3312 453 3377 nisi
486 3332 636 3380 carcerem
663 3312 800 3375 Latonae
826 3315 989 3399 reperisse,
1021 3311 1074 3377 ubi
1098 3309 1267 3373 tenebrosis

166 3412 325 3477 constricta
341 3413 473 3509 vinculis
492 3418 607 3477 famam
627 3435 733 3477 seeum
753 3436 857 3479 meam
878 3416 1040 3481 oblivionis
1062 3408 1195 3498 quodam
1215 3422 1264 3473 tu-

165 3516 252 3575 mulo
273 3514 427 3578 conditam
446 3527 625 3601 premerent.
667 3538 779 3604 nempe
799 3518 850 3580 illa
870 3514 1075 3580 Otbomanica
1090 3524 1265 3601 tempestas,

165 3636 246 3701 quae
266 3614 364 3680 deleto
384 3618 512 3703 imperio
534 3616 697 3698 Orientali,
716 3620 874 3705 subiugata
893 3616 1167 3705 Constantinopoli,
1188 3637 1264 3703 opes

164 3718 301 3779 literatos
329 3716 472 3783 Graeciae
499 3722 620 3785 funesto
641 3716 807 3803 naubagio'
825 3718 1000 3799 submersit,
1031 3742 1120 3784 meae
1140 3736 1262 3807 quoque

164 3818 308 3883 historiae
331 3822 473 3906 exempla
492 3822 653 3887 barbaricis
666 3822 805 3886 fluctibus
819 3822 968 3909 absorpsit
982 3824 1132 3909 pleraque,
1152 3820 1261 3884 tabulis

168 3918 309 3984 duntaxat
330 3921 457 3998 truncis,
485 3934 515 3987 et
534 3926 665 4015 reliquiis
686 3926 816 3989 exilibus
835 3923 869 3985 in
887 3922 1038 4009 quaedam
1059 3925 1143 3988 velut
1162 3922 1271 3985 littore¹

167 4038 203 4081 ac
222 4034 322 4104 portus
342 4023 592 4090 bibliothecarum
612 4027 725 4093 eiectis.
766 4026 875 4091 barum
900 4026 934 4089 in
953 4026 1124 4109 dugtutana
1151 4040 1263 4099 conge-

165 4130 248 4184 stom
268 4128 421 4188 emnulum
441 4126 519 4190 vidit
538 4128 613 4191 ottm
634 4128 791 4206 Wolfius,
819 4128 873 4192 sed
897 4131 982 4193 velut
998 4128 1050 4190 ille
1071 4120 1262 4201 evangelicus

165 4222 304 4289 Levita
293 4246 325 4289 ιιι
345 4250 471 4292 οιιιιιιιι
493 4228 691 4292 lliericuntini
711 4228 835 4294 viatoris
860 4225 1042 4293 latronum
1031 4226 1139 4289 rotaria
1159 4224 1262 4304 mucii,

164 4346 235 4391 eam
255 4338 337 4393 esset
354 4350 442 4396 secus
458 4332 563 4395 locum
581 4342 612 4395 et
601 4328 963 4491 videretffertrsnsnt
952 4327 1058 4413 .quid
1077 4324 1160 4390 enim
1179 4323 1261 4392 aliud
