<?xml version="1.0" encoding="UTF-8"?>
<!DOCTYPE html PUBLIC "-//W3C//DTD XHTML 1.0 Transitional//EN"
    "http://www.w3.org/TR/xhtml1/DTD/xhtml1-transitional.dtd">
<html xmlns="http://www.w3.org/1999/xhtml" xml:lang="en" lang="en">
 <head>
  <title>
</title>
<meta http-equiv="Content-Type" content="text/html;charset=utf-8" />
  <meta name='ocr-system' content='tesseract 3.04.00' />
  <meta name='ocr-capabilities' content='ocr_page ocr_carea ocr_par ocr_line ocrx_word'/>
</head>
<body>
  <div class='ocr_page' id='page_1' title='image "./corpusscriptoru27niebgoog/corpusscriptoru27niebgoog_0299.png"; bbox 0 0 3100 4850; ppageno 0'>
   <div class='ocr_carea' id='block_1_1' title="bbox 346 316 1255 392">
    <p class='ocr_par' dir='ltr' id='par_1_1' title="bbox 346 316 1255 392">
     <span class='ocr_line' id='line_1_1' title="bbox 346 316 1255 392; baseline 0.007 -7"><span class='ocrx_word' id='word_1_1' title='bbox 346 319 404 386; x_wconf 85' lang='lat' dir='ltr'><strong>DE</strong></span> <span class='ocrx_word' id='word_1_2' title='bbox 427 317 635 385; x_wconf 72' lang='lat' dir='ltr'><strong>mensum</strong></span> <span class='ocrx_word' id='word_1_3' title='bbox 658 316 939 392; x_wconf 75' lang='lat' dir='ltr'><strong>ramuotouo</strong></span> <span class='ocrx_word' id='word_1_4' title='bbox 965 319 1001 385; x_wconf 86' lang='lat' dir='ltr'><strong>L.</strong></span> <span class='ocrx_word' id='word_1_5' title='bbox 1022 319 1080 387; x_wconf 84' lang='lat' dir='ltr'><strong>lv.</strong></span> <span class='ocrx_word' id='word_1_6' title='bbox 1184 318 1255 391; x_wconf 79' lang='lat'><strong>281</strong></span> 
     </span>
    </p>
   </div>
   <div class='ocr_carea' id='block_1_2' title="bbox 168 478 1260 581">
    <p class='ocr_par' dir='ltr' id='par_1_2' title="bbox 168 478 1260 581">
     <span class='ocr_line' id='line_1_2' title="bbox 168 478 1260 581; baseline -0.001 -25"><span class='ocrx_word' id='word_1_7' title='bbox 168 488 254 575; x_wconf 65' lang='lat' dir='ltr'><strong>isat</strong></span> <span class='ocrx_word' id='word_1_8' title='bbox 274 484 355 581; x_wconf 80' lang='grc' dir='ltr'><strong><em>λύμμ</em></strong></span> <span class='ocrx_word' id='word_1_9' title='bbox 369 478 507 575; x_wconf 82' lang='grc' dir='ltr'><strong><em>προέχειν</em></strong></span> <span class='ocrx_word' id='word_1_10' title='bbox 519 496 583 559; x_wconf 84' lang='grc' dir='ltr'><strong>τῶν</strong></span> <span class='ocrx_word' id='word_1_11' title='bbox 597 489 717 572; x_wconf 76' lang='grc' dir='ltr'><strong><em>ἄλλων,</em></strong></span> <span class='ocrx_word' id='word_1_12' title='bbox 744 488 818 566; x_wconf 67' lang='lat' dir='ltr'><strong>rosis</strong></span> <span class='ocrx_word' id='word_1_13' title='bbox 833 487 890 571; x_wconf 77' lang='lat' dir='ltr'><strong>pis</strong></span> <span class='ocrx_word' id='word_1_14' title='bbox 905 485 1057 572; x_wconf 81' lang='grc' dir='ltr'><strong><em>δξιώμασι</em></strong></span> <span class='ocrx_word' id='word_1_15' title='bbox 1071 488 1144 568; x_wconf 80' lang='grc' dir='ltr'><strong><em>τούς</em></strong></span> <span class='ocrx_word' id='word_1_16' title='bbox 1159 492 1194 558; x_wconf 76' lang='grc' dir='ltr'><strong>δὲ</strong></span> <span class='ocrx_word' id='word_1_17' title='bbox 1204 518 1260 579; x_wconf 73' lang='lat' dir='ltr'><strong>ps-</strong></span> 
     </span>
    </p>
   </div>
   <div class='ocr_carea' id='block_1_3' title="bbox 128 585 1370 2325">
    <p class='ocr_par' dir='ltr' id='par_1_3' title="bbox 128 585 1370 2325">
     <span class='ocr_line' id='line_1_3' title="bbox 167 585 1298 681; baseline -0.007 -20"><span class='ocrx_word' id='word_1_18' title='bbox 167 594 323 678; x_wconf 83' lang='grc' dir='ltr'><strong><em>λοτησίαις</em></strong></span> <span class='ocrx_word' id='word_1_19' title='bbox 340 590 475 670; x_wconf 79' lang='grc' dir='ltr'><strong><em>άπάσαις</em></strong></span> <span class='ocrx_word' id='word_1_20' title='bbox 495 596 546 659; x_wconf 83' lang='grc' dir='ltr'><strong>καί</strong></span> <span class='ocrx_word' id='word_1_21' title='bbox 566 591 676 680; x_wconf 90' lang='grc' dir='ltr'><strong><em>δώροις</em></strong></span> <span class='ocrx_word' id='word_1_22' title='bbox 695 594 862 669; x_wconf 74' lang='grc' dir='ltr'><strong><em>παντοίοις.</em></strong></span> <span class='ocrx_word' id='word_1_23' title='bbox 910 585 949 675; x_wconf 76' lang='grc' dir='ltr'><strong>ἦν</strong></span> <span class='ocrx_word' id='word_1_24' title='bbox 968 592 1028 676; x_wconf 76' lang='grc' dir='ltr'><strong>γάρ</strong></span> <span class='ocrx_word' id='word_1_25' title='bbox 1047 595 1098 657; x_wconf 78' lang='grc' dir='ltr'><strong>καί</strong></span> <span class='ocrx_word' id='word_1_26' title='bbox 1110 618 1256 681; x_wconf 78' lang='grc' dir='ltr'><strong><em>περιρρο·</em></strong></span> <span class='ocrx_word' id='word_1_27' title='bbox 1273 599 1298 653; x_wconf 83' lang='lat' dir='ltr'>D</span> 
     </span>
     <span class='ocr_line' id='line_1_4' title="bbox 168 691 1258 795; baseline 0 -32"><span class='ocrx_word' id='word_1_28' title='bbox 168 698 261 781; x_wconf 73' lang='grc' dir='ltr'><strong><em>νητὴς</em></strong></span> <span class='ocrx_word' id='word_1_29' title='bbox 269 699 400 784; x_wconf 85' lang='grc' dir='ltr'><strong><em>χρυσίου</em></strong></span> <span class='ocrx_word' id='word_1_30' title='bbox 414 697 454 763; x_wconf 86' lang='grc' dir='ltr'><strong><em>τά</em></strong></span> <span class='ocrx_word' id='word_1_31' title='bbox 466 694 620 777; x_wconf 88' lang='grc' dir='ltr'><strong><em>μάλιστα,</em></strong></span> <span class='ocrx_word' id='word_1_32' title='bbox 646 694 687 795; x_wconf 62' lang='lat' dir='ltr'><strong>nic</strong></span> <span class='ocrx_word' id='word_1_33' title='bbox 698 696 780 781; x_wconf 73' lang='grc' dir='ltr'><strong><em>μηδὲ</em></strong></span> <span class='ocrx_word' id='word_1_34' title='bbox 789 699 956 776; x_wconf 80' lang='grc' dir='ltr'><strong><em>κεκτῆσθαι</em></strong></span> <span class='ocrx_word' id='word_1_35' title='bbox 968 691 1152 775; x_wconf 89' lang='grc' dir='ltr'><strong><em>βαλάντιον,</em></strong></span> <span class='ocrx_word' id='word_1_36' title='bbox 1179 696 1258 763; x_wconf 83' lang='grc' dir='ltr'><strong><em>άλλδ</em></strong></span> 
     </span>
     <span class='ocr_line' id='line_1_5' title="bbox 167 794 1260 886; baseline -0.004 -17"><span class='ocrx_word' id='word_1_37' title='bbox 167 801 204 869; x_wconf 84' lang='lat' dir='ltr'><strong>sd</strong></span> <span class='ocrx_word' id='word_1_38' title='bbox 218 797 446 886; x_wconf 77' lang='grc' dir='ltr'><strong><em>προσαγόμενον</em></strong></span> <span class='ocrx_word' id='word_1_39' title='bbox 461 798 591 865; x_wconf 76' lang='grc' dir='ltr'><strong><em>ἐκιιοθεν</em></strong></span> <span class='ocrx_word' id='word_1_40' title='bbox 605 800 652 863; x_wconf 74' lang='grc' dir='ltr'><strong>ἐπὶ</strong></span> <span class='ocrx_word' id='word_1_41' title='bbox 665 805 720 881; x_wconf 79' lang='grc' dir='ltr'><strong>τῆς</strong></span> <span class='ocrx_word' id='word_1_42' title='bbox 734 795 882 881; x_wconf 73' lang='grc' dir='ltr'><strong><em>στιβάδος</em></strong></span> <span class='ocrx_word' id='word_1_43' title='bbox 897 797 1012 863; x_wconf 87' lang='grc' dir='ltr'><strong><em>ἐκείνου</em></strong></span> <span class='ocrx_word' id='word_1_44' title='bbox 1029 794 1156 863; x_wconf 85' lang='grc' dir='ltr'><strong><em>κελεύειν</em></strong></span> <span class='ocrx_word' id='word_1_45' title='bbox 1171 800 1260 865; x_wconf 82' lang='grc' dir='ltr'><strong><em>τίθε·</em></strong></span> 
     </span>
     <span class='ocr_line' id='line_1_6' title="bbox 144 898 1260 987; baseline -0.006 -12"><span class='ocrx_word' id='word_1_46' title='bbox 144 910 248 975; x_wconf 69' lang='lat' dir='ltr'><strong>turios</strong></span> <span class='ocrx_word' id='word_1_47' title='bbox 256 952 267 983; x_wconf 91' lang='lat'><strong>,</strong></span> <span class='ocrx_word' id='word_1_48' title='bbox 294 900 338 979; x_wconf 81' lang='grc' dir='ltr'><strong>ὥς</strong></span> <span class='ocrx_word' id='word_1_49' title='bbox 352 905 473 983; x_wconf 72' lang='grc' dir='ltr'><strong><em>ἕτοιμον</em></strong></span> <span class='ocrx_word' id='word_1_50' title='bbox 488 898 563 969; x_wconf 79' lang='grc' dir='ltr'><strong><em>εἶναι</em></strong></span> <span class='ocrx_word' id='word_1_51' title='bbox 577 912 645 979; x_wconf 81' lang='grc' dir='ltr'><strong><em>ταῖς</em></strong></span> <span class='ocrx_word' id='word_1_52' title='bbox 654 902 769 987; x_wconf 76' lang='grc' dir='ltr'><strong><em>χρείαις</em></strong></span> <span class='ocrx_word' id='word_1_53' title='bbox 784 906 840 983; x_wconf 75' lang='grc' dir='ltr'><strong>τῆς</strong></span> <span class='ocrx_word' id='word_1_54' title='bbox 853 898 989 977; x_wconf 73' lang='grc' dir='ltr'><strong><em>εὐποιίας</em></strong></span> <span class='ocrx_word' id='word_1_55' title='bbox 1006 898 1084 967; x_wconf 77' lang='grc' dir='ltr'><strong><em>ὅπου</em></strong></span> <span class='ocrx_word' id='word_1_56' title='bbox 1099 898 1138 967; x_wconf 76' lang='grc' dir='ltr'><strong>ἂν</strong></span> <span class='ocrx_word' id='word_1_57' title='bbox 1148 901 1260 978; x_wconf 82' lang='grc' dir='ltr'><strong><em>ἐκεῖνος</em></strong></span> 
     </span>
     <span class='ocr_line' id='line_1_7' title="bbox 168 1000 1261 1093; baseline -0.001 -20"><span class='ocrx_word' id='word_1_58' title='bbox 168 1002 323 1073; x_wconf 77' lang='grc' dir='ltr'><strong>κελεύσειε.</strong></span> <span class='ocrx_word' id='word_1_59' title='bbox 376 1002 507 1093; x_wconf 79' lang='grc' dir='ltr'><strong><em>τοιούτῳ</em></strong></span> <span class='ocrx_word' id='word_1_60' title='bbox 527 1004 558 1069; x_wconf 84' lang='grc' dir='ltr'><strong>δ’</strong></span> <span class='ocrx_word' id='word_1_61' title='bbox 584 1003 648 1073; x_wconf 78' lang='lat' dir='ltr'><strong>sirm</strong></span> <span class='ocrx_word' id='word_1_62' title='bbox 666 1008 769 1093; x_wconf 80' lang='grc' dir='ltr'><strong><em>ἐκείνῳ</em></strong></span> <span class='ocrx_word' id='word_1_63' title='bbox 786 1002 821 1072; x_wconf 81' lang='lat' dir='ltr'><strong>ssi</strong></span> <span class='ocrx_word' id='word_1_64' title='bbox 838 1009 894 1088; x_wconf 81' lang='grc' dir='ltr'><strong>τῆς</strong></span> <span class='ocrx_word' id='word_1_65' title='bbox 906 1004 963 1086; x_wconf 82' lang='grc' dir='ltr'><strong>μίν</strong></span> <span class='ocrx_word' id='word_1_66' title='bbox 977 1000 1153 1088; x_wconf 72' lang='grc' dir='ltr'><strong><em>ἁπλότητος</em></strong></span> <span class='ocrx_word' id='word_1_67' title='bbox 1168 1010 1261 1071; x_wconf 85' lang='grc' dir='ltr'><strong><em>πλεο-</em></strong></span> 
     </span>
     <span class='ocr_line' id='line_1_8' title="bbox 167 1105 1298 1195; baseline -0.004 -17"><span class='ocrx_word' id='word_1_68' title='bbox 167 1111 303 1193; x_wconf 82' lang='grc' dir='ltr'><strong><em>νέκτημα</em></strong></span> <span class='ocrx_word' id='word_1_69' title='bbox 314 1111 357 1185; x_wconf 85' lang='grc' dir='ltr'><strong>εές</strong></span> <span class='ocrx_word' id='word_1_70' title='bbox 369 1108 553 1193; x_wconf 79' lang='grc' dir='ltr'><strong><em>κατηγορίαν</em></strong></span> <span class='ocrx_word' id='word_1_71' title='bbox 566 1105 814 1195; x_wconf 79' lang='grc' dir='ltr'><strong><em>ἅδιαφορύτητος</em></strong></span> <span class='ocrx_word' id='word_1_72' title='bbox 826 1110 1020 1193; x_wconf 89' lang='grc' dir='ltr'><strong><em>περιίστατο,</em></strong></span> <span class='ocrx_word' id='word_1_73' title='bbox 1045 1105 1081 1173; x_wconf 86' lang='lat' dir='ltr'><strong>ssi</strong></span> <span class='ocrx_word' id='word_1_74' title='bbox 1097 1109 1132 1173; x_wconf 74' lang='grc' dir='ltr'><strong>δι’</strong></span> <span class='ocrx_word' id='word_1_75' title='bbox 1147 1112 1202 1191; x_wconf 77' lang='grc' dir='ltr'><strong>τῆς</strong></span> <span class='ocrx_word' id='word_1_76' title='bbox 1214 1110 1256 1184; x_wconf 72' lang='lat' dir='ltr'><strong>eie</strong></span> <span class='ocrx_word' id='word_1_77' title='bbox 1271 1118 1298 1173; x_wconf 71' lang='grc' dir='ltr'>Ι</span> 
     </span>
     <span class='ocr_line' id='line_1_9' title="bbox 167 1208 1260 1299; baseline 0 -22"><span class='ocrx_word' id='word_1_78' title='bbox 167 1210 299 1295; x_wconf 83' lang='grc' dir='ltr'><strong><em>βασιλέα</em></strong></span> <span class='ocrx_word' id='word_1_79' title='bbox 326 1214 433 1289; x_wconf 77' lang='grc' dir='ltr'><strong>αέδοῦς</strong></span> <span class='ocrx_word' id='word_1_80' title='bbox 452 1235 485 1279; x_wconf 88' lang='grc' dir='ltr'><strong>τι</strong></span> <span class='ocrx_word' id='word_1_81' title='bbox 505 1212 557 1277; x_wconf 77' lang='grc' dir='ltr'><strong>καὶ</strong></span> <span class='ocrx_word' id='word_1_82' title='bbox 580 1208 789 1299; x_wconf 77' lang='grc' dir='ltr'><strong><em>κυβερνήσεως</em></strong></span> <span class='ocrx_word' id='word_1_83' title='bbox 810 1212 852 1289; x_wconf 67' lang='lat' dir='ltr'><strong>eie</strong></span> <span class='ocrx_word' id='word_1_84' title='bbox 871 1208 1006 1295; x_wconf 77' lang='grc' dir='ltr'><strong><em>ἐγκλημα</em></strong></span> <span class='ocrx_word' id='word_1_85' title='bbox 1027 1212 1186 1286; x_wconf 82' lang='grc' dir='ltr'><strong><em>κολακείας</em></strong></span> <span class='ocrx_word' id='word_1_86' title='bbox 1209 1212 1260 1277; x_wconf 83' lang='grc' dir='ltr'><strong>καλ</strong></span> 
     </span>
     <span class='ocr_line' id='line_1_10' title="bbox 168 1308 1262 1401; baseline 0 -20"><span class='ocrx_word' id='word_1_87' title='bbox 168 1311 305 1398; x_wconf 79' lang='grc' dir='ltr'><strong><em>ψεύδους</em></strong></span> <span class='ocrx_word' id='word_1_88' title='bbox 326 1312 405 1399; x_wconf 83' lang='grc' dir='ltr'><strong><em>πρὸς</em></strong></span> <span class='ocrx_word' id='word_1_89' title='bbox 425 1313 499 1391; x_wconf 82' lang='grc' dir='ltr'><strong><em>τούς</em></strong></span> <span class='ocrx_word' id='word_1_90' title='bbox 517 1315 651 1392; x_wconf 82' lang='grc' dir='ltr'><strong><em>πολλούς</em></strong></span> <span class='ocrx_word' id='word_1_91' title='bbox 668 1314 822 1401; x_wconf 86' lang='grc' dir='ltr'><strong><em>άντικρυς.</em></strong></span> <span class='ocrx_word' id='word_1_92' title='bbox 871 1319 917 1401; x_wconf 79' lang='grc' dir='ltr'><strong><em>τῷ</em></strong></span> <span class='ocrx_word' id='word_1_93' title='bbox 933 1312 993 1398; x_wconf 75' lang='grc' dir='ltr'><strong>γάρ</strong></span> <span class='ocrx_word' id='word_1_94' title='bbox 1013 1308 1100 1400; x_wconf 77' lang='grc' dir='ltr'><strong><em>άπλῷ</em></strong></span> <span class='ocrx_word' id='word_1_95' title='bbox 1116 1318 1173 1380; x_wconf 82' lang='grc' dir='ltr'><strong><em>τοῦ</em></strong></span> <span class='ocrx_word' id='word_1_96' title='bbox 1186 1310 1262 1399; x_wconf 87' lang='grc' dir='ltr'><strong><em>τρά-</em></strong></span> 
     </span>
     <span class='ocr_line' id='line_1_11' title="bbox 128 1412 1262 1506; baseline -0.001 -23"><span class='ocrx_word' id='word_1_97' title='bbox 128 1438 162 1491; x_wconf 73' lang='lat' dir='ltr'><strong>se</strong></span> <span class='ocrx_word' id='word_1_98' title='bbox 171 1442 231 1483; x_wconf 89' lang='grc' dir='ltr'><strong>που</strong></span> <span class='ocrx_word' id='word_1_99' title='bbox 251 1418 302 1483; x_wconf 84' lang='grc' dir='ltr'><strong>καί</strong></span> <span class='ocrx_word' id='word_1_100' title='bbox 320 1414 484 1505; x_wconf 83' lang='grc' dir='ltr'><strong><em>άνοκούλῳ</em></strong></span> <span class='ocrx_word' id='word_1_101' title='bbox 504 1419 555 1483; x_wconf 78' lang='grc' dir='ltr'><strong>καί</strong></span> <span class='ocrx_word' id='word_1_102' title='bbox 575 1418 739 1506; x_wconf 71' lang='grc' dir='ltr'><strong><em>ἐλευθερίῳ</em></strong></span> <span class='ocrx_word' id='word_1_103' title='bbox 765 1415 844 1503; x_wconf 77' lang='grc' dir='ltr'><strong><em>πρὸς</em></strong></span> <span class='ocrx_word' id='word_1_104' title='bbox 864 1415 901 1481; x_wconf 79' lang='grc' dir='ltr'><strong><em>ἰδ</em></strong></span> <span class='ocrx_word' id='word_1_105' title='bbox 916 1424 980 1492; x_wconf 71' lang='grc' dir='ltr'><strong><em>τοῖς</em></strong></span> <span class='ocrx_word' id='word_1_106' title='bbox 996 1421 1128 1500; x_wconf 80' lang='grc' dir='ltr'><strong><em>παροῦσι</em></strong></span> <span class='ocrx_word' id='word_1_107' title='bbox 1140 1412 1262 1503; x_wconf 75' lang='grc' dir='ltr'><strong><em>χρήσει·</em></strong></span> 
     </span>
     <span class='ocr_line' id='line_1_12' title="bbox 168 1518 1261 1606; baseline 0 -19"><span class='ocrx_word' id='word_1_108' title='bbox 168 1526 248 1587; x_wconf 89' lang='grc' dir='ltr'><strong><em>σθαι</em></strong></span> <span class='ocrx_word' id='word_1_109' title='bbox 260 1520 317 1603; x_wconf 83' lang='grc' dir='ltr'><strong>μέν</strong></span> <span class='ocrx_word' id='word_1_110' title='bbox 330 1522 382 1585; x_wconf 81' lang='grc' dir='ltr'><strong>καί</strong></span> <span class='ocrx_word' id='word_1_111' title='bbox 395 1518 490 1587; x_wconf 80' lang='lat' dir='ltr'><strong>cnissis</strong></span> <span class='ocrx_word' id='word_1_112' title='bbox 497 1568 509 1602; x_wconf 89' lang='lat'><strong>,</strong></span> <span class='ocrx_word' id='word_1_113' title='bbox 533 1522 648 1606; x_wconf 80' lang='grc' dir='ltr'><strong><em>ἐφεῖναι</em></strong></span> <span class='ocrx_word' id='word_1_114' title='bbox 663 1521 697 1587; x_wconf 85' lang='grc' dir='ltr'><strong><em>δέ</em></strong></span> <span class='ocrx_word' id='word_1_115' title='bbox 708 1522 758 1587; x_wconf 86' lang='grc' dir='ltr'><strong>καλ</strong></span> <span class='ocrx_word' id='word_1_116' title='bbox 774 1529 840 1596; x_wconf 78' lang='grc' dir='ltr'><strong><em>τοῖς</em></strong></span> <span class='ocrx_word' id='word_1_117' title='bbox 854 1520 942 1595; x_wconf 86' lang='grc' dir='ltr'><strong><em>ἐδίοις</em></strong></span> <span class='ocrx_word' id='word_1_118' title='bbox 950 1525 1109 1602; x_wconf 77' lang='grc' dir='ltr'><strong><em>χρῆσθαι,</em></strong></span> <span class='ocrx_word' id='word_1_119' title='bbox 1136 1519 1193 1603; x_wconf 80' lang='grc' dir='ltr'><strong>τὴν</strong></span> <span class='ocrx_word' id='word_1_120' title='bbox 1203 1524 1261 1587; x_wconf 76' lang='grc' dir='ltr'><strong><em>τοῦ</em></strong></span> 
     </span>
     <span class='ocr_line' id='line_1_13' title="bbox 167 1618 1370 1712; baseline -0.002 -23"><span class='ocrx_word' id='word_1_121' title='bbox 167 1628 385 1707; x_wconf 79' lang='grc' dir='ltr'><strong><em>καταχρῆσθαι</em></strong></span> <span class='ocrx_word' id='word_1_122' title='bbox 400 1620 597 1710; x_wconf 80' lang='grc' dir='ltr'><strong><em>προσειλήφει</em></strong></span> <span class='ocrx_word' id='word_1_123' title='bbox 611 1618 715 1701; x_wconf 85' lang='grc' dir='ltr'><strong><em>δόξαν.</em></strong></span> <span class='ocrx_word' id='word_1_124' title='bbox 766 1629 811 1711; x_wconf 79' lang='grc' dir='ltr'><strong><em>τῷ</em></strong></span> <span class='ocrx_word' id='word_1_125' title='bbox 827 1622 861 1687; x_wconf 82' lang='grc' dir='ltr'><strong><em>δέ</em></strong></span> <span class='ocrx_word' id='word_1_126' title='bbox 876 1628 1027 1707; x_wconf 77' lang='grc' dir='ltr'><strong><em>κυβερνᾶν</em></strong></span> <span class='ocrx_word' id='word_1_127' title='bbox 1039 1621 1093 1691; x_wconf 79' lang='lat' dir='ltr'><strong>sir</strong></span> <span class='ocrx_word' id='word_1_128' title='bbox 1106 1630 1259 1712; x_wconf 75' lang='grc' dir='ltr'><strong><em>κρατοῦν-</em></strong></span> <span class='ocrx_word' id='word_1_129' title='bbox 1276 1633 1299 1687; x_wconf 81' lang='grc' dir='ltr'><strong>Ρ</strong></span> <span class='ocrx_word' id='word_1_130' title='bbox 1319 1632 1370 1687; x_wconf 77' lang='grc'><strong>190</strong></span> 
     </span>
     <span class='ocr_line' id='line_1_14' title="bbox 168 1722 1261 1813; baseline -0.001 -21"><span class='ocrx_word' id='word_1_131' title='bbox 168 1750 227 1807; x_wconf 87' lang='grc' dir='ltr'><strong>τα,</strong></span> <span class='ocrx_word' id='word_1_132' title='bbox 254 1728 304 1791; x_wconf 88' lang='grc' dir='ltr'><strong>καλ</strong></span> <span class='ocrx_word' id='word_1_133' title='bbox 324 1732 443 1809; x_wconf 83' lang='grc' dir='ltr'><strong><em>μᾶλλον</em></strong></span> <span class='ocrx_word' id='word_1_134' title='bbox 468 1725 520 1813; x_wconf 83' lang='grc' dir='ltr'><strong>ἐφ’</strong></span> <span class='ocrx_word' id='word_1_135' title='bbox 548 1726 701 1804; x_wconf 72' lang='grc' dir='ltr'><strong><em>ἱκετείαις,</em></strong></span> <span class='ocrx_word' id='word_1_136' title='bbox 737 1722 788 1791; x_wconf 81' lang='grc' dir='ltr'><strong>ὅτε</strong></span> <span class='ocrx_word' id='word_1_137' title='bbox 809 1726 920 1800; x_wconf 83' lang='grc' dir='ltr'><strong><em>ἐκιΐνος</em></strong></span> <span class='ocrx_word' id='word_1_138' title='bbox 939 1725 997 1806; x_wconf 88' lang='grc' dir='ltr'><strong>μέν</strong></span> <span class='ocrx_word' id='word_1_139' title='bbox 1016 1727 1261 1812; x_wconf 85' lang='grc' dir='ltr'><strong><em>προσαναφέρων</em></strong></span> 
     </span>
     <span class='ocr_line' id='line_1_15' title="bbox 166 1825 1260 1919; baseline 0.003 -26"><span class='ocrx_word' id='word_1_140' title='bbox 166 1826 275 1911; x_wconf 75' lang='grc' dir='ltr'><strong><em>ἠξίου,</em></strong></span> <span class='ocrx_word' id='word_1_141' title='bbox 305 1827 321 1894; x_wconf 86' lang='grc' dir='ltr'>ὁ</span> <span class='ocrx_word' id='word_1_142' title='bbox 345 1831 379 1895; x_wconf 79' lang='grc' dir='ltr'><strong>δὲ</strong></span> <span class='ocrx_word' id='word_1_143' title='bbox 402 1836 524 1915; x_wconf 86' lang='grc' dir='ltr'><strong><em>κρατῶν</em></strong></span> <span class='ocrx_word' id='word_1_144' title='bbox 547 1828 583 1895; x_wconf 80' lang='grc' dir='ltr'><strong>οὗ</strong></span> <span class='ocrx_word' id='word_1_145' title='bbox 603 1828 720 1919; x_wconf 75' lang='grc' dir='ltr'><strong><em>ῥᾳδίοις</em></strong></span> <span class='ocrx_word' id='word_1_146' title='bbox 738 1825 892 1905; x_wconf 84' lang='grc' dir='ltr'><strong><em>κατέυευε,</em></strong></span> <span class='ocrx_word' id='word_1_147' title='bbox 926 1825 1103 1903; x_wconf 80' lang='grc' dir='ltr'><strong><em>κάντεύθεν,</em></strong></span> <span class='ocrx_word' id='word_1_148' title='bbox 1119 1829 1200 1895; x_wconf 76' lang='grc' dir='ltr'><strong><em>κατὰ</em></strong></span> <span class='ocrx_word' id='word_1_149' title='bbox 1224 1828 1260 1896; x_wconf 83' lang='lat' dir='ltr'><strong>ssi</strong></span> 
     </span>
     <span class='ocr_line' id='line_1_16' title="bbox 129 1924 1262 2021; baseline -0.003 -20"><span class='ocrx_word' id='word_1_150' title='bbox 129 1944 161 2001; x_wconf 79' lang='grc'><strong>16</strong></span> <span class='ocrx_word' id='word_1_151' title='bbox 169 1934 282 1999; x_wconf 76' lang='grc' dir='ltr'><strong><em>δοκοῦν</em></strong></span> <span class='ocrx_word' id='word_1_152' title='bbox 294 1929 441 2020; x_wconf 78' lang='grc' dir='ltr'><strong><em>ᾠκονόμει</em></strong></span> <span class='ocrx_word' id='word_1_153' title='bbox 454 1938 499 2021; x_wconf 77' lang='grc' dir='ltr'><strong><em>τῷ</em></strong></span> <span class='ocrx_word' id='word_1_154' title='bbox 516 1931 648 2019; x_wconf 78' lang='grc' dir='ltr'><strong><em>δεομένῳ</em></strong></span> <span class='ocrx_word' id='word_1_155' title='bbox 660 1929 715 1997; x_wconf 80' lang='lat' dir='ltr'><strong>usis</strong></span> <span class='ocrx_word' id='word_1_156' title='bbox 729 1925 887 2011; x_wconf 84' lang='grc' dir='ltr'><strong><em>ἐλπισμύν,</em></strong></span> <span class='ocrx_word' id='word_1_157' title='bbox 905 1924 947 2004; x_wconf 81' lang='grc' dir='ltr'><strong>ὥς</strong></span> <span class='ocrx_word' id='word_1_158' title='bbox 961 1928 1006 2013; x_wconf 76' lang='grc' dir='ltr'><strong>μὴ</strong></span> <span class='ocrx_word' id='word_1_159' title='bbox 1022 1927 1168 2013; x_wconf 72' lang='grc' dir='ltr'><strong><em>άπογνοίη</em></strong></span> <span class='ocrx_word' id='word_1_160' title='bbox 1181 1930 1262 1998; x_wconf 77' lang='grc' dir='ltr'><strong><em>ἄνευ·</em></strong></span> 
     </span>
     <span class='ocr_line' id='line_1_17' title="bbox 167 2028 1263 2127; baseline -0.002 -28"><span class='ocrx_word' id='word_1_161' title='bbox 167 2036 340 2122; x_wconf 80' lang='grc' dir='ltr'><strong><em>πεμφθείς,</em></strong></span> <span class='ocrx_word' id='word_1_162' title='bbox 366 2035 492 2115; x_wconf 85' lang='grc' dir='ltr'><strong><em>ἐλπίζων</em></strong></span> <span class='ocrx_word' id='word_1_163' title='bbox 512 2034 587 2111; x_wconf 71' lang='grc' dir='ltr'><strong><em>ἴσως</em></strong></span> <span class='ocrx_word' id='word_1_164' title='bbox 608 2029 710 2127; x_wconf 66' lang='lat' dir='ltr'><strong>(ipisus</strong></span> <span class='ocrx_word' id='word_1_165' title='bbox 729 2030 893 2116; x_wconf 83' lang='grc' dir='ltr'><strong><em>ἐσύστερον</em></strong></span> <span class='ocrx_word' id='word_1_166' title='bbox 900 2078 911 2111; x_wconf 96' lang='grc'><strong><em>,</em></strong></span> <span class='ocrx_word' id='word_1_167' title='bbox 938 2030 996 2097; x_wconf 79' lang='grc' dir='ltr'><strong>κάν</strong></span> <span class='ocrx_word' id='word_1_168' title='bbox 1010 2032 1104 2116; x_wconf 71' lang='grc' dir='ltr'><strong><em>λίνων</em></strong></span> <span class='ocrx_word' id='word_1_169' title='bbox 1116 2028 1263 2108; x_wconf 88' lang='grc' dir='ltr'><strong><em>πολλάκις</em></strong></span> 
     </span>
     <span class='ocr_line' id='line_1_18' title="bbox 170 2127 1264 2221; baseline 0 -20"><span class='ocrx_word' id='word_1_170' title='bbox 170 2136 228 2201; x_wconf 77' lang='grc' dir='ltr'><strong><em>οὐκ</em></strong></span> <span class='ocrx_word' id='word_1_171' title='bbox 247 2135 336 2219; x_wconf 75' lang='grc' dir='ltr'><strong><em>ἤνυε,</em></strong></span> <span class='ocrx_word' id='word_1_172' title='bbox 358 2136 416 2219; x_wconf 85' lang='grc' dir='ltr'><strong>τὴν</strong></span> <span class='ocrx_word' id='word_1_173' title='bbox 438 2143 495 2203; x_wconf 81' lang='grc' dir='ltr'><strong><em>τοῦ</em></strong></span> <span class='ocrx_word' id='word_1_174' title='bbox 516 2133 652 2219; x_wconf 81' lang='grc' dir='ltr'><strong><em>ψεύδους</em></strong></span> <span class='ocrx_word' id='word_1_175' title='bbox 664 2132 804 2219; x_wconf 80' lang='grc' dir='ltr'><strong><em>ύποψίαν</em></strong></span> <span class='ocrx_word' id='word_1_176' title='bbox 816 2127 1050 2219; x_wconf 76' lang='grc' dir='ltr'><strong><em>προσκτώμενος</em></strong></span> <span class='ocrx_word' id='word_1_177' title='bbox 1064 2137 1264 2221; x_wconf 76' lang='grc' dir='ltr'><strong><em>κατεκρίνετο,</em></strong></span> 
     </span>
     <span class='ocr_line' id='line_1_19' title="bbox 168 2232 1304 2325; baseline -0.004 -20"><span class='ocrx_word' id='word_1_178' title='bbox 168 2239 210 2305; x_wconf 85' lang='lat' dir='ltr'><strong>ssi</strong></span> <span class='ocrx_word' id='word_1_179' title='bbox 227 2240 261 2307; x_wconf 79' lang='grc' dir='ltr'><strong>δὲ</strong></span> <span class='ocrx_word' id='word_1_180' title='bbox 277 2235 452 2325; x_wconf 76' lang='grc' dir='ltr'><strong><em>ίρκλήματα</em></strong></span> <span class='ocrx_word' id='word_1_181' title='bbox 466 2246 567 2307; x_wconf 79' lang='grc' dir='ltr'><strong><em>ταῦτα</em></strong></span> <span class='ocrx_word' id='word_1_182' title='bbox 582 2235 731 2319; x_wconf 76' lang='grc' dir='ltr'><strong><em>καθάπαξ</em></strong></span> <span class='ocrx_word' id='word_1_183' title='bbox 745 2249 813 2317; x_wconf 77' lang='grc' dir='ltr'><strong><em>ταῖς</em></strong></span> <span class='ocrx_word' id='word_1_184' title='bbox 824 2242 887 2303; x_wconf 84' lang='grc' dir='ltr'><strong>τῶν</strong></span> <span class='ocrx_word' id='word_1_185' title='bbox 899 2241 1022 2305; x_wconf 80' lang='grc' dir='ltr'><strong><em>πολλῶν</em></strong></span> <span class='ocrx_word' id='word_1_186' title='bbox 1035 2247 1152 2321; x_wconf 79' lang='grc' dir='ltr'><strong><em>ψυχαῖς</em></strong></span> <span class='ocrx_word' id='word_1_187' title='bbox 1168 2232 1264 2321; x_wconf 76' lang='grc' dir='ltr'><strong><em>ἐνιζῆ-</em></strong></span> <span class='ocrx_word' id='word_1_188' title='bbox 1281 2242 1304 2297; x_wconf 82' lang='grc' dir='ltr'><strong><em>Β</em></strong></span> 
     </span>
    </p>
   </div>
   <div class='ocr_carea' id='block_1_4' title="bbox 240 2453 451 2528">
    <p class='ocr_par' dir='ltr' id='par_1_4' title="bbox 240 2453 451 2528">
     <span class='ocr_line' id='line_1_20' title="bbox 240 2453 451 2528; baseline 0.005 -20"><span class='ocrx_word' id='word_1_189' title='bbox 240 2455 281 2510; x_wconf 75' lang='lat'><strong>12.</strong></span> <span class='ocrx_word' id='word_1_190' title='bbox 298 2455 353 2528; x_wconf 74' lang='grc' dir='ltr'><strong>τῷ]</strong></span> <span class='ocrx_word' id='word_1_191' title='bbox 370 2453 402 2512; x_wconf 68' lang='lat' dir='ltr'><strong>so*</strong></span> <span class='ocrx_word' id='word_1_192' title='bbox 420 2455 451 2509; x_wconf 77' lang='grc' dir='ltr'><strong>Ρ.</strong></span> 
     </span>
    </p>
   </div>
   <div class='ocr_carea' id='block_1_5' title="bbox 167 2639 1352 4362">
    <p class='ocr_par' dir='ltr' id='par_1_5' title="bbox 167 2639 1352 4362">
     <span class='ocr_line' id='line_1_21' title="bbox 167 2639 1269 2713; baseline 0.005 -17"><span class='ocrx_word' id='word_1_193' title='bbox 167 2639 237 2702; x_wconf 79' lang='lat' dir='ltr'><strong>teies</strong></span> <span class='ocrx_word' id='word_1_194' title='bbox 258 2647 347 2696; x_wconf 79' lang='lat' dir='ltr'><strong>emant</strong></span> <span class='ocrx_word' id='word_1_195' title='bbox 368 2640 464 2712; x_wconf 84' lang='lat' dir='ltr'><strong>partim</strong></span> <span class='ocrx_word' id='word_1_196' title='bbox 487 2639 654 2711; x_wconf 68' lang='lat' dir='ltr'><strong>dignitatibus</strong></span> <span class='ocrx_word' id='word_1_197' title='bbox 676 2641 770 2713; x_wconf 83' lang='lat' dir='ltr'><strong>partim</strong></span> <span class='ocrx_word' id='word_1_198' title='bbox 793 2643 921 2698; x_wconf 80' lang='lat' dir='ltr'><strong>donativis</strong></span> <span class='ocrx_word' id='word_1_199' title='bbox 944 2647 973 2698; x_wconf 91' lang='lat' dir='ltr'><strong>et</strong></span> <span class='ocrx_word' id='word_1_200' title='bbox 993 2641 1169 2712; x_wconf 73' lang='lat' dir='ltr'><strong>largitionibus</strong></span> <span class='ocrx_word' id='word_1_201' title='bbox 1187 2643 1269 2700; x_wconf 71' lang='lat' dir='ltr'><strong>omme</strong></span> 
     </span>
     <span class='ocr_line' id='line_1_22' title="bbox 168 2711 1269 2780; baseline 0.002 -16"><span class='ocrx_word' id='word_1_202' title='bbox 168 2711 274 2780; x_wconf 78' lang='lat' dir='ltr'><strong>generis</strong></span> <span class='ocrx_word' id='word_1_203' title='bbox 296 2711 474 2766; x_wconf 84' lang='lat' dir='ltr'><strong>liberalissime</strong></span> <span class='ocrx_word' id='word_1_204' title='bbox 495 2729 588 2766; x_wconf 84' lang='lat' dir='ltr'><strong>ornare</strong></span> <span class='ocrx_word' id='word_1_205' title='bbox 604 2731 636 2766; x_wconf 85' lang='lat' dir='ltr'><strong>sc</strong></span> <span class='ocrx_word' id='word_1_206' title='bbox 653 2713 783 2766; x_wconf 88' lang='lat' dir='ltr'><strong>cumulare</strong></span> <span class='ocrx_word' id='word_1_207' title='bbox 803 2731 877 2767; x_wconf 85' lang='lat' dir='ltr'><strong>orans</strong></span> <span class='ocrx_word' id='word_1_208' title='bbox 894 2722 944 2766; x_wconf 86' lang='lat' dir='ltr'><strong>est.</strong></span> <span class='ocrx_word' id='word_1_209' title='bbox 977 2713 1117 2766; x_wconf 86' lang='lat' dir='ltr'><strong>eratenim</strong></span> <span class='ocrx_word' id='word_1_210' title='bbox 1133 2711 1190 2766; x_wconf 86' lang='lat' dir='ltr'><strong>nuri</strong></span> <span class='ocrx_word' id='word_1_211' title='bbox 1206 2731 1269 2766; x_wconf 88' lang='lat' dir='ltr'><strong>con-</strong></span> 
     </span>
     <span class='ocr_line' id='line_1_23' title="bbox 168 2779 1308 2852; baseline -0.002 -16"><span class='ocrx_word' id='word_1_212' title='bbox 168 2787 264 2836; x_wconf 72' lang='lat' dir='ltr'><strong>mutor</strong></span> <span class='ocrx_word' id='word_1_213' title='bbox 280 2789 310 2834; x_wconf 85' lang='lat' dir='ltr'><strong>ut</strong></span> <span class='ocrx_word' id='word_1_214' title='bbox 325 2779 369 2849; x_wconf 90' lang='lat' dir='ltr'><strong>qui</strong></span> <span class='ocrx_word' id='word_1_215' title='bbox 386 2780 507 2844; x_wconf 83' lang='lat' dir='ltr'><strong>maxime,</strong></span> <span class='ocrx_word' id='word_1_216' title='bbox 532 2799 565 2835; x_wconf 90' lang='lat' dir='ltr'><strong>ne</strong></span> <span class='ocrx_word' id='word_1_217' title='bbox 582 2799 726 2836; x_wconf 75' lang='lat' dir='ltr'><strong>munionem</strong></span> <span class='ocrx_word' id='word_1_218' title='bbox 741 2781 843 2852; x_wconf 88' lang='lat' dir='ltr'><strong>quidem</strong></span> <span class='ocrx_word' id='word_1_219' title='bbox 858 2783 954 2837; x_wconf 81' lang='lat' dir='ltr'><strong>habere</strong></span> <span class='ocrx_word' id='word_1_220' title='bbox 968 2782 1102 2852; x_wconf 72' lang='lat' dir='ltr'><strong>dignatum</strong></span> <span class='ocrx_word' id='word_1_221' title='bbox 1124 2781 1172 2834; x_wconf 86' lang='lat' dir='ltr'><strong>sed</strong></span> <span class='ocrx_word' id='word_1_222' title='bbox 1188 2781 1266 2851; x_wconf 88' lang='lat' dir='ltr'><strong>quid·</strong></span> <span class='ocrx_word' id='word_1_223' title='bbox 1306 2792 1308 2795; x_wconf 83' lang='grc'><strong><em>·</em></strong></span> 
     </span>
     <span class='ocr_line' id='line_1_24' title="bbox 168 2849 1266 2923; baseline 0.003 -22"><span class='ocrx_word' id='word_1_224' title='bbox 168 2849 233 2922; x_wconf 86' lang='lat' dir='ltr'><strong>quid</strong></span> <span class='ocrx_word' id='word_1_225' title='bbox 258 2849 424 2918; x_wconf 87' lang='lat' dir='ltr'><strong>undecunque</strong></span> <span class='ocrx_word' id='word_1_226' title='bbox 446 2849 600 2916; x_wconf 82' lang='lat' dir='ltr'><strong>offerretur,</strong></span> <span class='ocrx_word' id='word_1_227' title='bbox 614 2867 702 2923; x_wconf 30' lang='lat' dir='ltr'><strong>,supra</strong></span> <span class='ocrx_word' id='word_1_228' title='bbox 725 2851 820 2905; x_wconf 81' lang='lat' dir='ltr'><strong>lectuna</strong></span> <span class='ocrx_word' id='word_1_229' title='bbox 836 2869 853 2906; x_wconf 83' lang='lat' dir='ltr'><strong>a</strong></span> <span class='ocrx_word' id='word_1_230' title='bbox 869 2852 1030 2922; x_wconf 82' lang='lat' dir='ltr'><strong>portsntibns</strong></span> <span class='ocrx_word' id='word_1_231' title='bbox 1052 2849 1146 2920; x_wconf 85' lang='lat' dir='ltr'><strong>deponi</strong></span> <span class='ocrx_word' id='word_1_232' title='bbox 1164 2849 1266 2916; x_wconf 82' lang='lat' dir='ltr'><strong>iubens,</strong></span> 
     </span>
     <span class='ocr_line' id='line_1_25' title="bbox 169 2915 1265 2989; baseline 0.003 -19"><span class='ocrx_word' id='word_1_233' title='bbox 169 2935 223 2988; x_wconf 86' lang='lat' dir='ltr'><strong>qno</strong></span> <span class='ocrx_word' id='word_1_234' title='bbox 242 2915 284 2970; x_wconf 92' lang='lat' dir='ltr'><strong>ibi</strong></span> <span class='ocrx_word' id='word_1_235' title='bbox 310 2919 451 2987; x_wconf 87' lang='lat' dir='ltr'><strong>expositum</strong></span> <span class='ocrx_word' id='word_1_236' title='bbox 478 2919 504 2972; x_wconf 93' lang='lat' dir='ltr'><strong>in</strong></span> <span class='ocrx_word' id='word_1_237' title='bbox 525 2926 645 2989; x_wconf 86' lang='lat' dir='ltr'><strong>promptu</strong></span> <span class='ocrx_word' id='word_1_238' title='bbox 666 2927 736 2976; x_wconf 82' lang='lat' dir='ltr'><strong>essct</strong></span> <span class='ocrx_word' id='word_1_239' title='bbox 760 2921 794 2972; x_wconf 89' lang='lat' dir='ltr'><strong>ad</strong></span> <span class='ocrx_word' id='word_1_240' title='bbox 810 2937 871 2974; x_wconf 87' lang='lat' dir='ltr'><strong>usus</strong></span> <span class='ocrx_word' id='word_1_241' title='bbox 888 2920 1087 2984; x_wconf 82' lang='lat' dir='ltr'><strong>beneficentiae,</strong></span> <span class='ocrx_word' id='word_1_242' title='bbox 1109 2919 1265 2988; x_wconf 75' lang='lat' dir='ltr'><strong>erogandum</strong></span> 
     </span>
     <span class='ocr_line' id='line_1_26' title="bbox 171 2985 1265 3060; baseline 0.002 -20"><span class='ocrx_word' id='word_1_243' title='bbox 171 2987 229 3040; x_wconf 88' lang='lat' dir='ltr'><strong>eius</strong></span> <span class='ocrx_word' id='word_1_244' title='bbox 250 2985 370 3039; x_wconf 88' lang='lat' dir='ltr'><strong>mandato</strong></span> <span class='ocrx_word' id='word_1_245' title='bbox 395 3004 545 3058; x_wconf 82' lang='lat' dir='ltr'><strong>quocunque</strong></span> <span class='ocrx_word' id='word_1_246' title='bbox 566 2989 678 3042; x_wconf 69' lang='lat' dir='ltr'><strong>remoneo</strong></span> <span class='ocrx_word' id='word_1_247' title='bbox 699 2989 828 3057; x_wconf 75' lang='lat' dir='ltr'><strong>egentium</strong></span> <span class='ocrx_word' id='word_1_248' title='bbox 850 2998 993 3060; x_wconf 73' lang='lat' dir='ltr'><strong>poscerem.</strong></span> <span class='ocrx_word' id='word_1_249' title='bbox 1027 2989 1074 3042; x_wconf 85' lang='lat' dir='ltr'><strong>tali</strong></span> <span class='ocrx_word' id='word_1_250' title='bbox 1096 2996 1181 3043; x_wconf 80' lang='lat' dir='ltr'><strong>sutem</strong></span> <span class='ocrx_word' id='word_1_251' title='bbox 1204 2988 1265 3043; x_wconf 82' lang='lat' dir='ltr'><strong>hnic</strong></span> 
     </span>
     <span class='ocr_line' id='line_1_27' title="bbox 170 3053 1265 3140; baseline 0.003 -32"><span class='ocrx_word' id='word_1_252' title='bbox 170 3054 227 3108; x_wconf 81' lang='lat' dir='ltr'><strong>niro</strong></span> <span class='ocrx_word' id='word_1_253' title='bbox 243 3053 400 3138; x_wconf 72' lang='lat' dir='ltr'><strong>abundantis</strong></span> <span class='ocrx_word' id='word_1_254' title='bbox 415 3057 584 3139; x_wconf 78' lang='lat' dir='ltr'><strong>simplicitatis</strong></span> <span class='ocrx_word' id='word_1_255' title='bbox 599 3058 727 3112; x_wconf 86' lang='lat' dir='ltr'><strong>solutioris</strong></span> <span class='ocrx_word' id='word_1_256' title='bbox 742 3059 769 3112; x_wconf 87' lang='lat' dir='ltr'><strong>in</strong></span> <span class='ocrx_word' id='word_1_257' title='bbox 785 3059 973 3113; x_wconf 21' lang='lat' dir='ltr'><strong>sitsrtioentise</strong></span> <span class='ocrx_word' id='word_1_258' title='bbox 989 3058 1176 3114; x_wconf 67' lang='lat' dir='ltr'><strong>nominationem</strong></span> <span class='ocrx_word' id='word_1_259' title='bbox 1195 3075 1265 3140; x_wconf 75' lang='lat' dir='ltr'><strong>poss·</strong></span> 
     </span>
     <span class='ocr_line' id='line_1_28' title="bbox 171 3125 1266 3272; baseline 0.004 -28"><span class='ocrx_word' id='word_1_260' title='bbox 171 3125 389 3272; x_wconf 60' lang='lat' dir='ltr'><strong>titiant:</strong></span> <span class='ocrx_word' id='word_1_261' title='bbox 405 3142 547 3259; x_wconf 64' lang='lat' dir='ltr'><strong>:iniit</strong></span> <span class='ocrx_word' id='word_1_262' title='bbox 559 3127 1082 3268; x_wconf 59' lang='lat' dir='ltr'><strong>titt‘issiftnut‘inttttdtnt</strong></span> <span class='ocrx_word' id='word_1_263' title='bbox 1098 3135 1266 3249; x_wconf 62' lang='lat' dir='ltr'><strong>tanti}</strong></span> 
     </span>
     <span class='ocr_line' id='line_1_29' title="bbox 173 3262 1266 3332; baseline 0 -18"><span class='ocrx_word' id='word_1_264' title='bbox 173 3269 295 3330; x_wconf 82' lang='lat' dir='ltr'><strong>aspersit.</strong></span> <span class='ocrx_word' id='word_1_265' title='bbox 329 3279 386 3316; x_wconf 87' lang='lat' dir='ltr'><strong>cum</strong></span> <span class='ocrx_word' id='word_1_266' title='bbox 402 3262 468 3316; x_wconf 84' lang='lat' dir='ltr'><strong>enim</strong></span> <span class='ocrx_word' id='word_1_267' title='bbox 484 3265 506 3318; x_wconf 90' lang='lat' dir='ltr'><strong>is</strong></span> <span class='ocrx_word' id='word_1_268' title='bbox 522 3265 639 3318; x_wconf 87' lang='lat' dir='ltr'><strong>sincerae</strong></span> <span class='ocrx_word' id='word_1_269' title='bbox 656 3269 688 3320; x_wconf 87' lang='lat' dir='ltr'><strong>ab</strong></span> <span class='ocrx_word' id='word_1_270' title='bbox 704 3265 773 3318; x_wconf 89' lang='lat' dir='ltr'><strong>omni</strong></span> <span class='ocrx_word' id='word_1_271' title='bbox 790 3267 849 3319; x_wconf 86' lang='lat' dir='ltr'><strong>suco</strong></span> <span class='ocrx_word' id='word_1_272' title='bbox 873 3266 954 3318; x_wconf 84' lang='lat' dir='ltr'><strong>indoti</strong></span> <span class='ocrx_word' id='word_1_273' title='bbox 970 3268 1129 3332; x_wconf 81' lang='lat' dir='ltr'><strong>obsequens,</strong></span> <span class='ocrx_word' id='word_1_274' title='bbox 1157 3263 1266 3315; x_wconf 85' lang='lat' dir='ltr'><strong>candida</strong></span> 
     </span>
     <span class='ocr_line' id='line_1_30' title="bbox 173 3330 1267 3403; baseline 0 -21"><span class='ocrx_word' id='word_1_275' title='bbox 173 3346 207 3382; x_wconf 89' lang='lat' dir='ltr'><strong>ac</strong></span> <span class='ocrx_word' id='word_1_276' title='bbox 222 3345 313 3382; x_wconf 82' lang='lat' dir='ltr'><strong>secura</strong></span> <span class='ocrx_word' id='word_1_277' title='bbox 328 3331 498 3402; x_wconf 70' lang='lat' dir='ltr'><strong>suspicionum</strong></span> <span class='ocrx_word' id='word_1_278' title='bbox 521 3333 640 3388; x_wconf 86' lang='lat' dir='ltr'><strong>libertate</strong></span> <span class='ocrx_word' id='word_1_279' title='bbox 655 3335 783 3403; x_wconf 84' lang='lat' dir='ltr'><strong>quoslibet</strong></span> <span class='ocrx_word' id='word_1_280' title='bbox 807 3333 949 3403; x_wconf 79' lang='lat' dir='ltr'><strong>promiscue</strong></span> <span class='ocrx_word' id='word_1_281' title='bbox 964 3333 1053 3388; x_wconf 80' lang='lat' dir='ltr'><strong>obvios</strong></span> <span class='ocrx_word' id='word_1_282' title='bbox 1068 3330 1147 3384; x_wconf 80' lang='lat' dir='ltr'><strong>affari</strong></span> <span class='ocrx_word' id='word_1_283' title='bbox 1162 3330 1267 3398; x_wconf 83' lang='lat' dir='ltr'><strong>excipe·</strong></span> 
     </span>
     <span class='ocr_line' id='line_1_31' title="bbox 172 3397 1266 3472; baseline -0.001 -20"><span class='ocrx_word' id='word_1_284' title='bbox 172 3414 255 3468; x_wconf 81' lang='lat' dir='ltr'><strong>reque</strong></span> <span class='ocrx_word' id='word_1_285' title='bbox 278 3407 438 3468; x_wconf 82' lang='lat' dir='ltr'><strong>consuesset,</strong></span> <span class='ocrx_word' id='word_1_286' title='bbox 464 3419 571 3472; x_wconf 85' lang='lat' dir='ltr'><strong>cumque</strong></span> <span class='ocrx_word' id='word_1_287' title='bbox 593 3403 647 3456; x_wconf 89' lang='lat' dir='ltr'><strong>suis</strong></span> <span class='ocrx_word' id='word_1_288' title='bbox 671 3402 814 3456; x_wconf 76' lang='lat' dir='ltr'><strong>domesticis</strong></span> <span class='ocrx_word' id='word_1_289' title='bbox 836 3402 981 3454; x_wconf 76' lang='lat' dir='ltr'><strong>liberiorem</strong></span> <span class='ocrx_word' id='word_1_290' title='bbox 1001 3397 1144 3452; x_wconf 80' lang='lat' dir='ltr'><strong>istiusmodi</strong></span> <span class='ocrx_word' id='word_1_291' title='bbox 1166 3398 1266 3467; x_wconf 83' lang='lat' dir='ltr'><strong>pariter</strong></span> 
     </span>
     <span class='ocr_line' id='line_1_32' title="bbox 173 3466 1269 3542; baseline -0.002 -21"><span class='ocrx_word' id='word_1_292' title='bbox 173 3483 232 3521; x_wconf 86' lang='lat' dir='ltr'><strong>cum</strong></span> <span class='ocrx_word' id='word_1_293' title='bbox 248 3466 379 3536; x_wconf 83' lang='lat' dir='ltr'><strong>quibusvis</strong></span> <span class='ocrx_word' id='word_1_294' title='bbox 396 3475 614 3526; x_wconf 77' lang='lat' dir='ltr'><strong>conversationem</strong></span> <span class='ocrx_word' id='word_1_295' title='bbox 635 3471 811 3542; x_wconf 83' lang='lat' dir='ltr'><strong>permitteret,</strong></span> <span class='ocrx_word' id='word_1_296' title='bbox 836 3487 897 3523; x_wconf 90' lang='lat' dir='ltr'><strong>usus</strong></span> <span class='ocrx_word' id='word_1_297' title='bbox 912 3470 957 3522; x_wconf 88' lang='lat' dir='ltr'><strong>ille</strong></span> <span class='ocrx_word' id='word_1_298' title='bbox 973 3476 1137 3536; x_wconf 83' lang='lat' dir='ltr'><strong>utrorumque</strong></span> <span class='ocrx_word' id='word_1_299' title='bbox 1153 3467 1269 3520; x_wconf 87' lang='lat' dir='ltr'><strong>securior</strong></span> 
     </span>
     <span class='ocr_line' id='line_1_33' title="bbox 171 3535 1268 3608; baseline -0.002 -17"><span class='ocrx_word' id='word_1_300' title='bbox 171 3535 242 3606; x_wconf 83' lang='lat' dir='ltr'><strong>apud</strong></span> <span class='ocrx_word' id='word_1_301' title='bbox 258 3537 426 3606; x_wconf 84' lang='lat' dir='ltr'><strong>suspiciosum</strong></span> <span class='ocrx_word' id='word_1_302' title='bbox 441 3539 531 3608; x_wconf 80' lang='lat' dir='ltr'><strong>vulgus</strong></span> <span class='ocrx_word' id='word_1_303' title='bbox 548 3541 574 3594; x_wconf 92' lang='lat' dir='ltr'><strong>iu</strong></span> <span class='ocrx_word' id='word_1_304' title='bbox 591 3541 714 3594; x_wconf 87' lang='lat' dir='ltr'><strong>ebusuum</strong></span> <span class='ocrx_word' id='word_1_305' title='bbox 731 3539 887 3594; x_wconf 84' lang='lat' dir='ltr'><strong>occultorum</strong></span> <span class='ocrx_word' id='word_1_306' title='bbox 904 3537 1045 3608; x_wconf 82' lang='lat' dir='ltr'><strong>opinionem</strong></span> <span class='ocrx_word' id='word_1_307' title='bbox 1060 3535 1178 3590; x_wconf 84' lang='lat' dir='ltr'><strong>incurrit.</strong></span> <span class='ocrx_word' id='word_1_308' title='bbox 1213 3546 1268 3589; x_wconf 87' lang='lat' dir='ltr'><strong>trs·</strong></span> 
     </span>
     <span class='ocr_line' id='line_1_34' title="bbox 172 3605 1269 3678; baseline 0 -18"><span class='ocrx_word' id='word_1_309' title='bbox 172 3605 252 3660; x_wconf 83' lang='lat' dir='ltr'><strong>ctatio</strong></span> <span class='ocrx_word' id='word_1_310' title='bbox 269 3616 355 3660; x_wconf 85' lang='lat' dir='ltr'><strong>autem</strong></span> <span class='ocrx_word' id='word_1_311' title='bbox 372 3606 525 3677; x_wconf 83' lang='lat' dir='ltr'><strong>obsequiosa</strong></span> <span class='ocrx_word' id='word_1_312' title='bbox 542 3617 569 3662; x_wconf 89' lang='lat' dir='ltr'><strong>et</strong></span> <span class='ocrx_word' id='word_1_313' title='bbox 585 3609 729 3663; x_wconf 80' lang='lat' dir='ltr'><strong>verecunda</strong></span> <span class='ocrx_word' id='word_1_314' title='bbox 746 3625 803 3662; x_wconf 88' lang='lat' dir='ltr'><strong>cum</strong></span> <span class='ocrx_word' id='word_1_315' title='bbox 819 3606 951 3678; x_wconf 74' lang='lat' dir='ltr'><strong>principe,</strong></span> <span class='ocrx_word' id='word_1_316' title='bbox 972 3623 1005 3660; x_wconf 85' lang='lat' dir='ltr'><strong>ex</strong></span> <span class='ocrx_word' id='word_1_317' title='bbox 1021 3623 1074 3676; x_wconf 86' lang='lat' dir='ltr'><strong>qus</strong></span> <span class='ocrx_word' id='word_1_318' title='bbox 1090 3605 1133 3658; x_wconf 86' lang='lat' dir='ltr'><strong>itte</strong></span> <span class='ocrx_word' id='word_1_319' title='bbox 1148 3605 1269 3660; x_wconf 76' lang='lat' dir='ltr'><strong>fiduciam</strong></span> 
     </span>
     <span class='ocr_line' id='line_1_35' title="bbox 172 3675 1269 3748; baseline -0.001 -20"><span class='ocrx_word' id='word_1_320' title='bbox 172 3675 292 3728; x_wconf 75' lang='lat' dir='ltr'><strong>sumebat</strong></span> <span class='ocrx_word' id='word_1_321' title='bbox 313 3677 481 3744; x_wconf 88' lang='lat' dir='ltr'><strong>suspendendi</strong></span> <span class='ocrx_word' id='word_1_322' title='bbox 504 3679 625 3734; x_wconf 79' lang='lat' dir='ltr'><strong>effectum</strong></span> <span class='ocrx_word' id='word_1_323' title='bbox 646 3677 859 3748; x_wconf 80' lang='lat' dir='ltr'><strong>supplicationum</strong></span> <span class='ocrx_word' id='word_1_324' title='bbox 880 3675 1056 3747; x_wconf 77' lang='lat' dir='ltr'><strong>patriarchae,</strong></span> <span class='ocrx_word' id='word_1_325' title='bbox 1078 3675 1105 3728; x_wconf 92' lang='lat' dir='ltr'><strong>id</strong></span> <span class='ocrx_word' id='word_1_326' title='bbox 1121 3692 1201 3743; x_wconf 81' lang='lat' dir='ltr'><strong>egens</strong></span> <span class='ocrx_word' id='word_1_327' title='bbox 1216 3675 1269 3729; x_wconf 83' lang='lat' dir='ltr'><strong>istu</strong></span> 
     </span>
     <span class='ocr_line' id='line_1_36' title="bbox 173 3743 1271 3816; baseline -0.001 -20"><span class='ocrx_word' id='word_1_328' title='bbox 173 3743 311 3798; x_wconf 84' lang='lat' dir='ltr'><strong>ambitioso</strong></span> <span class='ocrx_word' id='word_1_329' title='bbox 332 3745 443 3798; x_wconf 84' lang='lat' dir='ltr'><strong>artiticio</strong></span> <span class='ocrx_word' id='word_1_330' title='bbox 464 3747 622 3801; x_wconf 77' lang='lat' dir='ltr'><strong>differendae</strong></span> <span class='ocrx_word' id='word_1_331' title='bbox 645 3748 765 3816; x_wconf 75' lang='lat' dir='ltr'><strong>gratiae,</strong></span> <span class='ocrx_word' id='word_1_332' title='bbox 794 3747 865 3800; x_wconf 83' lang='lat' dir='ltr'><strong>cuius</strong></span> <span class='ocrx_word' id='word_1_333' title='bbox 888 3762 959 3814; x_wconf 88' lang='lat' dir='ltr'><strong>spem</strong></span> <span class='ocrx_word' id='word_1_334' title='bbox 985 3759 1036 3798; x_wconf 90' lang='lat' dir='ltr'><strong>uon</strong></span> <span class='ocrx_word' id='word_1_335' title='bbox 1058 3746 1209 3809; x_wconf 75' lang='lat' dir='ltr'><strong>auferebat,</strong></span> <span class='ocrx_word' id='word_1_336' title='bbox 1240 3751 1271 3795; x_wconf 86' lang='lat' dir='ltr'><strong>ut</strong></span> 
     </span>
     <span class='ocr_line' id='line_1_37' title="bbox 174 3813 1270 3887; baseline -0.001 -22"><span class='ocrx_word' id='word_1_337' title='bbox 174 3829 231 3866; x_wconf 91' lang='lat' dir='ltr'><strong>eum</strong></span> <span class='ocrx_word' id='word_1_338' title='bbox 255 3830 330 3881; x_wconf 84' lang='lat' dir='ltr'><strong>quam</strong></span> <span class='ocrx_word' id='word_1_339' title='bbox 353 3813 493 3870; x_wconf 87' lang='lat' dir='ltr'><strong>diutissime</strong></span> <span class='ocrx_word' id='word_1_340' title='bbox 514 3816 566 3870; x_wconf 92' lang='lat' dir='ltr'><strong>sibi</strong></span> <span class='ocrx_word' id='word_1_341' title='bbox 588 3818 727 3887; x_wconf 75' lang='lat' dir='ltr'><strong>supplicem</strong></span> <span class='ocrx_word' id='word_1_342' title='bbox 752 3824 780 3869; x_wconf 86' lang='lat' dir='ltr'><strong>et</strong></span> <span class='ocrx_word' id='word_1_343' title='bbox 801 3816 839 3869; x_wconf 86' lang='lat' dir='ltr'><strong>sic</strong></span> <span class='ocrx_word' id='word_1_344' title='bbox 855 3815 990 3870; x_wconf 76' lang='lat' dir='ltr'><strong>obnoxium</strong></span> <span class='ocrx_word' id='word_1_345' title='bbox 1007 3818 1122 3879; x_wconf 85' lang='lat' dir='ltr'><strong>teneret,</strong></span> <span class='ocrx_word' id='word_1_346' title='bbox 1146 3813 1175 3865; x_wconf 91' lang='lat' dir='ltr'><strong>iu</strong></span> <span class='ocrx_word' id='word_1_347' title='bbox 1191 3828 1270 3865; x_wconf 85' lang='lat' dir='ltr'><strong>cause</strong></span> 
     </span>
     <span class='ocr_line' id='line_1_38' title="bbox 174 3882 1271 3955; baseline 0.001 -22"><span class='ocrx_word' id='word_1_348' title='bbox 174 3890 232 3934; x_wconf 87' lang='lat' dir='ltr'><strong>erat</strong></span> <span class='ocrx_word' id='word_1_349' title='bbox 255 3888 285 3933; x_wconf 89' lang='lat' dir='ltr'><strong>ut</strong></span> <span class='ocrx_word' id='word_1_350' title='bbox 308 3899 365 3936; x_wconf 84' lang='lat' dir='ltr'><strong>oum</strong></span> <span class='ocrx_word' id='word_1_351' title='bbox 391 3900 458 3953; x_wconf 86' lang='lat' dir='ltr'><strong>quse</strong></span> <span class='ocrx_word' id='word_1_352' title='bbox 481 3885 628 3954; x_wconf 85' lang='lat' dir='ltr'><strong>patriarcha</strong></span> <span class='ocrx_word' id='word_1_353' title='bbox 652 3887 847 3955; x_wconf 81' lang='lat' dir='ltr'><strong>impetraturum</strong></span> <span class='ocrx_word' id='word_1_354' title='bbox 862 3900 892 3937; x_wconf 86' lang='lat' dir='ltr'><strong>se</strong></span> <span class='ocrx_word' id='word_1_355' title='bbox 908 3892 1059 3953; x_wconf 67' lang='lat' dir='ltr'><strong>temperat,</strong></span> <span class='ocrx_word' id='word_1_356' title='bbox 1083 3883 1116 3936; x_wconf 90' lang='lat' dir='ltr'><strong>ad</strong></span> <span class='ocrx_word' id='word_1_357' title='bbox 1137 3882 1204 3934; x_wconf 84' lang='lat' dir='ltr'><strong>diem</strong></span> <span class='ocrx_word' id='word_1_358' title='bbox 1220 3897 1271 3934; x_wconf 89' lang='lat' dir='ltr'><strong>non</strong></span> 
     </span>
     <span class='ocr_line' id='line_1_39' title="bbox 174 3948 1270 4024; baseline -0.002 -22"><span class='ocrx_word' id='word_1_359' title='bbox 174 3948 356 4018; x_wconf 81' lang='lat' dir='ltr'><strong>provenirent,</strong></span> <span class='ocrx_word' id='word_1_360' title='bbox 372 3953 417 4022; x_wconf 88' lang='lat' dir='ltr'><strong>qui</strong></span> <span class='ocrx_word' id='word_1_361' title='bbox 432 3955 531 4008; x_wconf 77' lang='lat' dir='ltr'><strong>trustra</strong></span> <span class='ocrx_word' id='word_1_362' title='bbox 547 3961 729 4024; x_wconf 78' lang='lat' dir='ltr'><strong>expecierunt,</strong></span> <span class='ocrx_word' id='word_1_363' title='bbox 747 3955 828 4008; x_wconf 85' lang='lat' dir='ltr'><strong>verbs</strong></span> <span class='ocrx_word' id='word_1_364' title='bbox 844 3952 894 4007; x_wconf 90' lang='lat' dir='ltr'><strong>sibi</strong></span> <span class='ocrx_word' id='word_1_365' title='bbox 910 3954 943 4006; x_wconf 92' lang='lat' dir='ltr'><strong>sb</strong></span> <span class='ocrx_word' id='word_1_366' title='bbox 962 3970 993 4006; x_wconf 87' lang='lat' dir='ltr'><strong>eu</strong></span> <span class='ocrx_word' id='word_1_367' title='bbox 1009 3953 1071 4005; x_wconf 87' lang='lat' dir='ltr'><strong>dats</strong></span> <span class='ocrx_word' id='word_1_368' title='bbox 1085 3957 1270 4022; x_wconf 66' lang='lat' dir='ltr'><strong>quererentur,</strong></span> 
     </span>
     <span class='ocr_line' id='line_1_40' title="bbox 174 4017 1271 4094; baseline 0.002 -24"><span class='ocrx_word' id='word_1_369' title='bbox 174 4017 277 4071; x_wconf 80' lang='lat' dir='ltr'><strong>sivero</strong></span> <span class='ocrx_word' id='word_1_370' title='bbox 293 4029 399 4075; x_wconf 84' lang='lat' dir='ltr'><strong>nossent</strong></span> <span class='ocrx_word' id='word_1_371' title='bbox 414 4021 511 4076; x_wconf 86' lang='lat' dir='ltr'><strong>aditum</strong></span> <span class='ocrx_word' id='word_1_372' title='bbox 528 4023 561 4076; x_wconf 83' lang='lat' dir='ltr'><strong>ab</strong></span> <span class='ocrx_word' id='word_1_373' title='bbox 579 4041 610 4076; x_wconf 85' lang='lat' dir='ltr'><strong>eo</strong></span> <span class='ocrx_word' id='word_1_374' title='bbox 627 4040 717 4080; x_wconf 82' lang='lat' dir='ltr'><strong>revere</strong></span> <span class='ocrx_word' id='word_1_375' title='bbox 741 4022 900 4094; x_wconf 83' lang='lat' dir='ltr'><strong>prinoipem,</strong></span> <span class='ocrx_word' id='word_1_376' title='bbox 922 4021 1015 4089; x_wconf 67' lang='lat' dir='ltr'><strong>frigide</strong></span> <span class='ocrx_word' id='word_1_377' title='bbox 1030 4021 1056 4073; x_wconf 94' lang='lat' dir='ltr'><strong>id</strong></span> <span class='ocrx_word' id='word_1_378' title='bbox 1073 4039 1106 4074; x_wconf 84' lang='lat' dir='ltr'><strong>sc</strong></span> <span class='ocrx_word' id='word_1_379' title='bbox 1126 4018 1213 4072; x_wconf 84' lang='lat' dir='ltr'><strong>timide</strong></span> <span class='ocrx_word' id='word_1_380' title='bbox 1227 4017 1271 4072; x_wconf 89' lang='lat' dir='ltr'><strong>ni-</strong></span> 
     </span>
     <span class='ocr_line' id='line_1_41' title="bbox 175 4083 1352 4158; baseline 0 -20"><span class='ocrx_word' id='word_1_381' title='bbox 175 4083 254 4139; x_wconf 87' lang='lat' dir='ltr'><strong>mium</strong></span> <span class='ocrx_word' id='word_1_382' title='bbox 271 4089 304 4142; x_wconf 89' lang='lat' dir='ltr'><strong>ab</strong></span> <span class='ocrx_word' id='word_1_383' title='bbox 322 4107 370 4156; x_wconf 89' lang='lat' dir='ltr'><strong>eo,</strong></span> <span class='ocrx_word' id='word_1_384' title='bbox 394 4091 516 4146; x_wconf 82' lang='lat' dir='ltr'><strong>videlicet</strong></span> <span class='ocrx_word' id='word_1_385' title='bbox 532 4101 695 4158; x_wconf 78' lang='lat' dir='ltr'><strong>assentante,</strong></span> <span class='ocrx_word' id='word_1_386' title='bbox 712 4101 797 4148; x_wconf 86' lang='lat' dir='ltr'><strong>actum</strong></span> <span class='ocrx_word' id='word_1_387' title='bbox 812 4091 878 4156; x_wconf 86' lang='lat' dir='ltr'><strong>rati,</strong></span> <span class='ocrx_word' id='word_1_388' title='bbox 895 4091 1074 4144; x_wconf 85' lang='lat' dir='ltr'><strong>anctoritatem</strong></span> <span class='ocrx_word' id='word_1_389' title='bbox 1090 4092 1119 4142; x_wconf 83' lang='lat' dir='ltr'><strong>et</strong></span> <span class='ocrx_word' id='word_1_390' title='bbox 1135 4088 1214 4140; x_wconf 88' lang='lat' dir='ltr'><strong>robur</strong></span> <span class='ocrx_word' id='word_1_391' title='bbox 1229 4087 1271 4140; x_wconf 84' lang='lat' dir='ltr'><strong>di-</strong></span> <span class='ocrx_word' id='word_1_392' title='bbox 1349 4140 1352 4149; x_wconf 75' lang='grc'><strong><em>,</em></strong></span> 
     </span>
     <span class='ocr_line' id='line_1_42' title="bbox 176 4153 1270 4240; baseline 0.005 -34"><span class='ocrx_word' id='word_1_393' title='bbox 176 4153 270 4223; x_wconf 75' lang='lat' dir='ltr'><strong>gnitsti</strong></span> <span class='ocrx_word' id='word_1_394' title='bbox 294 4159 456 4226; x_wconf 79' lang='lat' dir='ltr'><strong>patriarchae</strong></span> <span class='ocrx_word' id='word_1_395' title='bbox 481 4167 677 4216; x_wconf 83' lang='lat' dir='ltr'><strong>consentaneum</strong></span> <span class='ocrx_word' id='word_1_396' title='bbox 699 4161 726 4216; x_wconf 90' lang='lat' dir='ltr'><strong>iu</strong></span> <span class='ocrx_word' id='word_1_397' title='bbox 748 4179 780 4215; x_wconf 86' lang='lat' dir='ltr'><strong>co</strong></span> <span class='ocrx_word' id='word_1_398' title='bbox 803 4160 996 4226; x_wconf 78' lang='lat' dir='ltr'><strong>desiderarent,</strong></span> <span class='ocrx_word' id='word_1_399' title='bbox 1021 4177 1053 4211; x_wconf 88' lang='lat' dir='ltr'><strong>ec</strong></span> <span class='ocrx_word' id='word_1_400' title='bbox 1068 4164 1207 4240; x_wconf 80' lang='lat' dir='ltr'><strong>propterea</strong></span> <span class='ocrx_word' id='word_1_401' title='bbox 1223 4156 1270 4212; x_wconf 82' lang='lat' dir='ltr'><strong>asti</strong></span> 
     </span>
     <span class='ocr_line' id='line_1_43' title="bbox 175 4224 1269 4284; baseline 0.002 -6"><span class='ocrx_word' id='word_1_402' title='bbox 175 4225 234 4278; x_wconf 84' lang='lat' dir='ltr'><strong>loco</strong></span> <span class='ocrx_word' id='word_1_403' title='bbox 254 4225 337 4280; x_wconf 84' lang='lat' dir='ltr'><strong>minus</strong></span> <span class='ocrx_word' id='word_1_404' title='bbox 359 4229 474 4282; x_wconf 85' lang='lat' dir='ltr'><strong>idoneum</strong></span> <span class='ocrx_word' id='word_1_405' title='bbox 498 4229 630 4284; x_wconf 85' lang='lat' dir='ltr'><strong>ducerent.</strong></span> <span class='ocrx_word' id='word_1_406' title='bbox 665 4231 730 4284; x_wconf 85' lang='lat' dir='ltr'><strong>baec</strong></span> <span class='ocrx_word' id='word_1_407' title='bbox 751 4228 857 4284; x_wconf 83' lang='lat' dir='ltr'><strong>sinistre</strong></span> <span class='ocrx_word' id='word_1_408' title='bbox 872 4229 906 4282; x_wconf 91' lang='lat' dir='ltr'><strong>de</strong></span> <span class='ocrx_word' id='word_1_409' title='bbox 922 4231 1051 4282; x_wconf 83' lang='lat' dir='ltr'><strong>Germano</strong></span> <span class='ocrx_word' id='word_1_410' title='bbox 1066 4225 1162 4279; x_wconf 79' lang='lat' dir='ltr'><strong>ruditis</strong></span> <span class='ocrx_word' id='word_1_411' title='bbox 1177 4224 1269 4280; x_wconf 73' lang='lat' dir='ltr'><strong>unito-</strong></span> 
     </span>
     <span class='ocr_line' id='line_1_44' title="bbox 175 4294 1269 4362; baseline 0.002 -14"><span class='ocrx_word' id='word_1_412' title='bbox 175 4309 231 4348; x_wconf 78' lang='lat' dir='ltr'><strong>mrn</strong></span> <span class='ocrx_word' id='word_1_413' title='bbox 248 4297 328 4350; x_wconf 81' lang='lat' dir='ltr'><strong>senet</strong></span> <span class='ocrx_word' id='word_1_414' title='bbox 342 4296 432 4362; x_wconf 84' lang='lat' dir='ltr'><strong>ommis</strong></span> <span class='ocrx_word' id='word_1_415' title='bbox 446 4297 526 4354; x_wconf 72' lang='grc' dir='ltr'><strong><em>λαύτια</em></strong></span> <span class='ocrx_word' id='word_1_416' title='bbox 542 4299 666 4356; x_wconf 79' lang='lat' dir='ltr'><strong>subiectis</strong></span> <span class='ocrx_word' id='word_1_417' title='bbox 681 4297 792 4356; x_wconf 83' lang='lat' dir='ltr'><strong>invidiae</strong></span> <span class='ocrx_word' id='word_1_418' title='bbox 812 4297 913 4354; x_wconf 84' lang='lat' dir='ltr'><strong>iacibus</strong></span> <span class='ocrx_word' id='word_1_419' title='bbox 928 4297 1129 4352; x_wconf 80' lang='lat' dir='ltr'><strong>exmdosoebsnt</strong></span> <span class='ocrx_word' id='word_1_420' title='bbox 1143 4294 1169 4350; x_wconf 90' lang='lat' dir='ltr'><strong>iu</strong></span> <span class='ocrx_word' id='word_1_421' title='bbox 1183 4294 1269 4350; x_wconf 72' lang='lat' dir='ltr'><strong>offon-</strong></span> 
     </span>
    </p>
   </div>
   <div class='ocr_carea' id='block_1_6' title="bbox 0 0 1571 4850">
    <p class='ocr_par' dir='ltr' id='par_1_6' title="bbox 0 0 1571 4850">
     <span class='ocr_line' id='line_1_45' title="bbox 0 0 1571 4850; baseline 0 0"><span class='ocrx_word' id='word_1_422' title='bbox 0 0 1571 4850; x_wconf 95' lang='lat' dir='ltr'><strong> </strong></span> 
     </span>
    </p>
   </div>
  </div>
 </body>
</html>
