3100 4850
492 303 616 378 HM.
652 303 934 378 utossattmtt
1189 299 1265 378 but

34 530 35 535 ,
163 487 249 544 creta
267 485 298 539 et
316 477 384 540 luto
406 492 535 557 acapna,
555 495 621 537 non
639 481 742 536 autem
756 493 796 534 ex
812 491 904 534 carne
917 443 1089 534 concretum
1103 471 1268 541 babuiaeet.

32 628 35 650 ρ
162 565 286 627 invenio
299 561 456 623 allucionis
467 583 531 622 nou
543 578 757 641 aequequequa
768 557 914 619 abaimilie
927 559 1097 640 exemplum
1110 559 1192 641 apud
1206 561 1265 623 Eu-

33 699 57 735 ‚.
163 649 306 712 etatbium
327 645 391 732 (ed
404 648 490 710 Iliad.
507 670 519 711 ε
536 667 570 728 p.
580 651 645 713 772
664 644 711 706 ed.
727 642 835 726 Rom.)
862 644 1063 723 explicantem
1082 646 1196 707 dictum
1218 647 1267 706 sa-

162 746 263 796 cetum
283 736 317 796 in
339 752 507 814 cauponem
526 731 580 811 qui
600 730 725 790 vaenale
740 729 846 792 viuum
865 729 989 792 turbare
1004 731 1133 792 terdon
1145 729 1266 792 admix-

161 822 246 882 tione
264 820 374 880 eolitue
391 818 510 879 audivit
531 837 548 877 a
569 815 717 898 quodpmt
738 810 783 897 pel
804 815 886 879 nolte
905 811 955 880 τὸν
972 813 1066 878 Οἰνέα
1083 813 1205 896 Πηλέα,
1227 839 1265 878 ne

152 907 267 986 seciae
288 907 423 966 Oeneum
445 903 578 963 Peleum.
619 902 703 981 quod
721 909 758 962 ut
778 893 965 985 τιῖτρατιέλαις
982 901 1065 960 eolre
1084 901 1199 962 dictum
1220 903 1265 963 ibi

32 980 33 989 ¹
162 1002 267 1053 auctor
285 989 408 1068 laudat,
430 988 475 1048 eic
495 1005 653 1047 enarram:
675 981 719 1069 pel
732 986 857 1067 τρυγίαν
874 991 994 1057 κακοῖν,
1007 971 1068 1049 'aul
1081 991 1124 1074 τρῖ
1135 992 1262 1070 κρητῆρι

32 1150 33 1153 ¹
160 1069 367 1159 ααραμιγνεῖς,
388 1069 551 1156 μετέβαλλε
564 1065 617 1134 τῖε
627 1065 715 1136 οἶνον
727 1069 769 1145 εῖτ
783 1067 950 1151 elemptim
974 1063 1000 1157 oi
1020 1072 1106 1135 δοκεῖ
1118 1095 1262 1154 παρανα-

161 1159 281 1244 μᾶσθαι
293 1153 509 1244 παιγνημόααρ
529 1155 548 1223 ὅ
559 1152 692 1237 Πηλεύς.
734 1156 885 1236 nesaecee
899 1156 1020 1217 diluens
1032 1167 1062 1216 et
1073 1161 1184 1217 crateri
1200 1157 1275 1218 cad-¹

32 1314 33 1317 Ἴ
160 1249 289 1306 mnam
304 1256 394 1304 muta
408 1247 517 1304 vinum
528 1243 611 1303 velut
620 1245 653 1301 in
665 1243 785 1302 Ιειιειταε
808 1241 931 1302 ludicro
945 1247 1024 1302 enim
1036 1247 1261 1326 paronomuaie

31 1336 32 1343 '
159 1330 283 1394 videam
299 1329 389 1390 verbo
406 1327 514 1390 Peleus
532 1327 636 1387 baum
652 1325 816 1389 iudicceee.
859 1327 936 1400 baeu
956 1329 1009 1408 qui
1031 1347 1094 1388 non
1115 1331 1260 1411 probarit,

31 1399 34 1432 ²
160 1417 323 1477 condoleat
342 1415 508 1476 infeliciter
527 1412 722 1494 conmtibm,
742 1421 774 1474 et
793 1413 935 1494 meliora,
956 1413 1101 1493 albebat,
1122 1423 1260 1496 ruggerat

31 1573 34 1583 Ι
158 1512 243 1581 grata
255 1500 433 1583 acceptoria.

31 1589 32 1603 ¹
243 1593 433 1651 τιλατεῖαι
453 1578 700 1667 ῖτιτιαριτὶτατ
718 1607 752 1667 p·
772 1584 838 1653 453
860 1603 890 1646 v.
914 1588 965 1650 12.
1011 1586 1188 1666 quaerebam
1207 1584 1260 1647 bic

159 1672 236 1754 quid
257 1682 357 1734 eeaeut
378 1665 564 1752 ῖττιειμαὶταε
581 1675 734 1749 πλατεῖαι,
755 1691 829 1751 ραεε
852 1689 890 1730 er
905 1688 972 1729 uere
987 1671 1078 1731 luieae
1093 1691 1164 1734 mox
1178 1671 1262 1732 indi..

30 1766 45 1788 '·
161 1768 212 1818 cat
223 1767 327 1819 noster
336 1757 373 1818 de
383 1757 489 1818 iiedem
503 1759 613 1816 iterum
627 1776 716 1836 agene
726 1756 776 1817 bie
788 1755 905 1817 verbio:
926 1759 1039 1834 χαλκᾶς
1053 1757 1171 1833 ὲκείνας
1183 1761 1262 1820 αλα-

158 1844 240 1918 telae
258 1838 421 1924 ὑποδοχάς.
463 1843 548 1902 eolua
570 1841 731 1902 vaticanae
751 1845 862 1923 χαλκᾶς
885 1843 1015 1914 πίνακας
1035 1842 1185 1922 appellat,
1207 1842 1261 1902 eed

30 1922 31 1947 ³
158 1927 232 1989 buic
256 1928 331 1988 lidae
348 1928 430 2011 apud
450 1947 500 1989 me
521 1926 645 2008 quidem
669 1926 785 1988 dudum
805 1935 851 1988 eat
864 1945 903 1986 ex
918 1945 980 2006 quo
1001 1927 1135 1986 decoxit.
1179 1937 1261 1990 certa

29 2005 32 2041 ²
157 2015 251 2089 πίναξ
272 2013 362 2074 nimie
383 2013 519 2093 generale
541 2011 723 2074 vocabulum
740 2021 800 2088 eet;
820 2030 918 2091 neque
931 2011 964 2072 iu
982 2009 1092 2070 tabulis
1105 2011 1262 2074 autlaml·

29 2096 30 2101 ’
157 2098 207 2159 nia
229 2100 323 2159 aereie
343 2096 501 2160 commode
519 2097 553 2156 id
566 2098 767 2177 frumentum
785 2107 916 2174 coctum,
945 2095 1009 2156 eive
1027 2099 1085 2158 iam
1110 2097 1261 2175 molitum,

157 2182 240 2244 mola
261 2183 402 2244 videlicet
419 2183 509 2244 sarria
526 2183 615 2260 toeti,
635 2191 673 2243 ut
692 2183 809 2262 antiqui
833 2181 1050 2263 loquebantur,
1076 2185 1140 2243 aire
1159 2184 1261 2261 grania

29 2269 32 2299 ¹
155 2267 282 2347 integrie
311 2269 443 2329 naturali
471 2269 584 2345 forma,
616 2269 773 2328 commode
795 2267 905 2348 gratari
926 2268 1039 2348 potuit.
1082 2287 1119 2327 ne
1141 2268 1261 2330 multier

156 2351 232 2415 mihi
249 2363 363 2416 attente
379 2353 581 2414 consideranti
600 2352 682 2416 huuc
699 2355 801 2415 locum
818 2353 958 2414 veniebat
970 2355 1001 2414 in
1015 2363 1146 2414 mentem
1159 2353 1259 2418 leuu-

156 2436 262 2522 petrae
276 2441 418 2515 πλατιλαρ
432 2448 462 2499 et
478 2436 788 2521 τιλατελαρῦττοῖαχαὶς
809 2440 869 2500 dici
888 2438 940 2500 hic
957 2460 974 2499 a
989 2438 1169 2520 Pacbymere
1184 2460 1258 2501 reae

27 2529 28 2556 ³
154 2526 304 2587 mansori·
323 2546 399 2606 quae
418 2534 589 2605 edtoeoppe
605 2525 687 2587 ltalia
699 2524 792 2586 bodie
805 2522 965 2603 dicuntum
983 2545 1112 2605 quorum
1124 2534 1170 2586 eet
1182 2544 1257 2585 ueue

27 2615 29 2648 r
153 2606 190 2671 iu
208 2610 331 2691 ecyphie
346 2610 545 2693 porrigendie
586 2608 699 2671 habent
715 2632 750 2672 ee
768 2630 898 2691 eupcrne
911 2610 1101 2672 latitudinem
1114 2630 1256 2691 capacem
1318 2660 1323 2669 .

154 2694 340 2776 ecypborunr
350 2696 441 2757 timul
453 2697 619 2757 multorum
639 2696 739 2778 (uude
753 2700 890 2759 πλατεῖαι
902 2691 1088 2778 ἕταωμᾶταν
1102 2704 1186 2757 recte
1199 2716 1255 2757 vo-

153 2783 295 2859 centur),
314 2780 399 2842 labro
419 2801 475 2862 par
485 2781 656 2843 circuitum
674 2781 714 2842 ad
730 2782 861 2861 aliquam
874 2780 1065 2843 latitudinem
1079 2782 1254 2864 reeupiuato

154 2876 345 2944 coronatam,
365 2866 544 2927 innitentem
561 2866 633 2947 pedi
647 2866 806 2948 euppoeito
821 2867 971 2957 rotundo,¹
993 2866 1047 2947 qui
1060 2877 1090 2929 ct
1103 2866 1255 2929 manubrii

153 2954 1137 3117 mxl?&mlttt‘ttnttltttdltt
1147 2964 1255 3121 ,tlt
1270 3039 1294 3096 ιι
1308 3038 1362 3097 αι

152 3139 224 3181 rum
243 3121 404 3183 conviviie:
426 3122 578 3183 tenuioree
598 3122 742 3185 fictilibue
763 3133 902 3185 utuntur.
945 3134 1041 3184 aetate
1062 3124 1257 3204 Pacbymerie

151 3206 287 3267 nondum
310 3208 455 3268 Peruauia
475 3207 571 3267 ditata
583 3208 713 3269 metallie
727 3228 830 3269 aercae
844 3207 1070 3269 increbuerunt:
1091 3208 1143 3269 aed
1158 3220 1255 3271 mete-

151 3288 217 3351 riae
240 3290 343 3351 vilitat
362 3301 506 3353 eucaueto
523 3290 659 3371 picturae
673 3294 775 3353 variae
789 3294 906 3353 fiuctue
923 3294 1111 3353 autumnales
1126 3294 1256 3355 aeeimu·

149 3374 244 3436 lentia
267 3377 438 3455 tegebatur,
463 3387 499 3436 ut
517 3377 607 3437 docet
624 3376 684 3437 hoc
705 3377 776 3437 loco
794 3387 905 3455 notter.
947 3378 1049 3455 negari
1068 3398 1131 3439 non
1153 3386 1256 3460 pateat

151 3460 228 3539 quin
247 3463 458 3542 percommode
478 3462 571 3523 luerit
584 3461 755 3524 ietiuamodi
769 3463 848 3524 vecie
865 3464 961 3525 forme
973 3463 1010 3522 ad
1025 3464 1099 3523 ietae
1115 3464 1256 3546 eulogiae

141 3546 302 3626 frumenti
312 3551 390 3607 cocti
402 3557 468 3607 tum
481 3547 590 3609 decore
601 3548 805 3610 admovendae
819 3547 890 3625 arie,
912 3556 978 3609 tum
989 3547 1061 3609 iuda
1074 3559 1146 3631 poet
1155 3570 1255 3611 aecer·
1290 3539 1293 3550 Δ

150 3630 232 3692 dotia
252 3632 490 3693 benedictionem
513 3633 716 3714 deportandae
734 3632 767 3693 in
785 3632 891 3695 domoc
910 3642 996 3711 tuto,
1017 3633 1191 3713 latitudine,
1213 3655 1255 3697 ex

150 3734 212 3795 qua
229 3721 367 3781 πλατεῖαι
383 3716 545 3796 dicuutur,
565 3719 720 3801 paulisper
735 3738 883 3793 concava,
905 3726 936 3779 et
948 3723 1068 3800 capacia
1081 3720 1254 3781 rotundita-

150 3799 208 3876 tie,
228 3802 318 3863 facile
335 3802 511 3865 admittente
529 3803 684 3867 materiam
701 3804 812 3883 telem,
831 3812 862 3865 et
874 3826 892 3865 a
906 3804 994 3885 lapeu
1008 3804 1187 3885 probibente
1200 3806 1254 3867 be·

149 3886 259 3948 nellcio
275 3887 352 3949 editi
365 3888 482 3949 αἱεοεεαι
495 3888 655 3968 margluie,
675 3890 761 3953 illiue
784 3910 892 3972 nempe
905 3889 1014 3969 deque
1027 3890 1110 3969 dixi,
1131 3890 1252 3953 modice

147 3971 294 4035 reductae
312 3982 344 4035 et
365 3974 426 4036 alte
440 3994 496 4055 per
512 3974 674 4037 circuitum
685 3974 818 4037 extentio
827 3974 981 4040 loriculae.
1023 3996 1113 4039 roceo
1127 3995 1252 4057 quoque

147 4064 217 4117 tum
236 4053 422 4142 ῖατταρεᾶταν
437 4068 503 4121 tum
521 4055 660 4141 εῖααῖαχή
678 4061 832 4143 apb'eeime
851 4060 884 4123 in
907 4069 1042 4123 noetrom
1068 4062 1249 4125 coutentium

72 4175 79 4184 ·
147 4140 301 4205 occidunt.
341 4143 479 4207 indicant
498 4144 579 4206 enim
604 4164 694 4209 neum
715 4145 806 4209 iatiua
823 4146 902 4209 vatia
921 4166 957 4209 eo
974 4147 1049 4209 lacti
1068 4156 1105 4213 ut
1126 4148 1248 4229 pocula,

146 4220 326 4310 taxema,
346 4228 492 4311 imperite
507 4228 676 4311 exciperet,
694 4232 739 4295 eic
759 4231 912 4295 offerenda
931 4233 1070 4295 convivia
1086 4253 1178 4296 manu
1190 4256 1249 4317 po-

145 4311 303 4379 cillatorie
342 4334 438 4399 patro
455 4318 593 4385 πλατεῖαι
613 4315 758 4384 videntur
775 4317 966 4385 aubetautive
986 4318 1058 4385 dici.
1099 4320 1160 4383 αἰεὶ
1177 4320 1249 4403 quia
