3100 4850
163 305 165 310 ’
218 381 284 428 vm
650 355 686 428 a.
712 357 876 426 rossuu

217 522 399 604 berrimum,
421 521 637 586 conciliationis
659 523 852 587 ecclesiarum
874 519 1009 587 Graecae
1028 542 1099 585 cunr
1117 522 1243 605 Latina,
1273 524 1318 588 sic

217 646 236 688 a
256 621 360 710 primis
384 625 547 706 originibus
575 625 705 705 evolvit,
733 625 777 688 sic
804 647 823 688 a
848 621 1098 688 deliberationum
1125 627 1241 690 amanis
1259 647 1317 692 re-

214 727 316 813 risque
344 728 524 806 rationibus,
552 747 608 813 per
635 727 785 791 anfractus
815 724 888 788 inde
913 729 1087 790 fucosarum
1116 729 1225 791 artium
1244 728 1318 790 binc

213 827 286 891 lidei
306 830 459 907 sincerae,
487 829 527 893 ad
558 850 632 893 suos
662 829 759 892 exitus
781 827 936 914 perducit,
966 839 1001 889 ut
1020 849 1155 892 asserere
1174 849 1240 893 non
1259 828 1318 892 du-

213 932 308 1001 bitem
328 930 362 992 id
381 943 591 1014 argumentum
609 931 716 1012 ingens
737 952 756 994 a
775 932 860 996 nullo
881 932 950 1016 plus
966 926 1083 996 Gnaeo
1104 932 1248 1020 scriptore
1268 932 1317 993 lu-

216 1053 259 1097 cra
280 1053 422 1121 accipere.

296 1184 353 1250 111.
393 1186 466 1252 Non
493 1207 545 1252 me
573 1184 650 1266 fugit
678 1181 824 1250 intercedi
851 1181 995 1249 adversus
1023 1185 1101 1248 haec
1129 1183 1265 1270 speciosa
1286 1194 1317 1247 et

214 1287 366 1375 plausibili
387 1287 565 1374 exceptione
585 1308 677 1374 posse
704 1308 723 1350 a
750 1287 859 1349 merito
888 1286 1079 1372 querentibus
1105 1287 1317 1369 Pachymeria-

213 1412 286 1454 nam
316 1390 395 1454 hanc
424 1389 581 1456 historiam
609 1411 673 1452 non
701 1410 767 1451 raro
804 1384 990 1450 Graecorum
1020 1388 1175 1451 schismati
1202 1391 1317 1463 favere,
1374 1426 1388 1438 ·

214 1492 393 1554 Latinorum
418 1512 466 1555 res
499 1504 530 1556 et
554 1493 619 1555 iura
640 1490 774 1554 deterere
794 1489 961 1570 uenando,
990 1489 1118 1552 auctoris
1134 1511 1264 1574 pronum
1283 1489 1317 1550 in

214 1603 333 1680 partem
352 1593 524 1678 sequiorem
539 1593 640 1656 multis
656 1591 757 1655 modis
778 1590 911 1654 studium
932 1589 1102 1657 ostendere.
1145 1611 1210 1652 non
1224 1609 1316 1668 nego,

214 1717 279 1758 non
300 1715 428 1776 excus03
452 1706 483 1756 et
505 1693 547 1756 ita
566 1697 689 1773 factum,
710 1705 741 1756 et
761 1695 844 1773 large
866 1694 897 1755 in
911 1695 972 1757 hoc
994 1702 1151 1780 peccatum
1173 1710 1191 1751 a
1211 1700 1315 1752 nostro

215 1799 371 1862 confiteor.
401 1809 502 1861 tamen
531 1794 682 1860 contendo
703 1796 809 1858 utilem
828 1795 949 1881 publico
971 1792 1079 1880 stipsi
1099 1781 1263 1877 quinetiam
1283 1792 1317 1852 in

213 1899 264 1964 his
284 1903 384 1962 laesae
409 1899 526 1966 veritati
553 1913 642 1988 atque
663 1897 854 1962 orthodoxae
880 1896 954 1962 fidei
974 1896 1140 1984 optabilem
1160 1894 1227 1956 talis
1248 1892 1317 1955 libri

213 2002 438 2084 evulgationem
459 2023 537 2069 esse.
577 2015 677 2080 neque
705 1999 744 2056 ad
769 2001 831 2060 hoc
852 1999 1056 2085 evincendum
1079 2009 1144 2061 utar
1163 1994 1317 2084 praeiudi-

212 2105 265 2167 ciis
296 2107 456 2177 eccleslae,
484 2096 624 2159 historias
654 2091 779 2156 Eusebii
803 2097 1024 2170 Caesariensis.
1055 2101 1152 2163 Ariani
1174 2120 1193 2161 a
1212 2099 1316 2160 multis

209 2203 322 2281 habiti;
344 2199 475 2262 Socratis
497 2207 527 2258 et
548 2191 725 2267 Sozomeni,
747 2193 851 2276 palam
871 2191 1128 2272 Noratianorum;
1150 2192 1316 2277 Nicephori

211 2301 325 2370 Callisti
357 2318 375 2361 e
404 2301 490 2361 faece
512 2295 582 2360 licet
608 2291 760 2356 interdum
786 2290 953 2353 haurientis
980 2293 1160 2370 haeresum,
1189 2305 1221 2354 et
1240 2295 1315 2358 alias

209 2414 417 2491 suspectorum
437 2398 546 2487 pariter
563 2397 759 2483 scriptorum,
780 2393 841 2475 legi
860 2392 985 2458 sinentis
1009 2403 1039 2456 et
1059 2394 1225 2483 probantis.
1250 2396 1315 2478 aio,

209 2512 261 2577 vel
285 2509 311 2572 si
340 2524 448 2569 omnes
476 2522 552 2587 quos
581 2498 739 2563 nominavi
768 2495 1051 2575 exterminarentur;
1085 2497 1228 2585 peculiari
1255 2521 1315 2563 no-

208 2614 293 2678 mine
327 2610 471 2671 interesse
504 2601 696 2687 Apostolicae
723 2598 806 2664 sedis
834 2609 865 2660 et
896 2596 1056 2661 Romanae
1089 2601 1314 2667 communionis

102 2749 105 2762 ·
207 2716 388 2787 universae,
415 2703 522 2771 subiici
553 2702 648 2766 oculis
675 2713 707 2767 at
732 2701 789 2765 teri
817 2699 957 2764 manibus
979 2710 1153 2763 cunctorum
1174 2701 1235 2766 hoc
1253 2702 1316 2766 Pa-

210 2814 360 2900 chymeris
381 2828 467 2895 opus,
488 2802 632 2892 quoniam
652 2804 685 2866 in
706 2825 745 2868 eo
761 2802 872 2867 sanitas
891 2800 1045 2866 doctrinae
1066 2802 1106 2866 de
1118 2805 1314 2890 processione

210 2918 338 3007 Spiritus
367 2908 470 2977 Sancti
497 2930 537 2970 ex
564 2918 648 2993 patre
673 2905 813 2991 illioque,
845 2902 884 2967 de
912 2902 1043 2989 primatu
1066 2901 1168 2990 Papae
1189 2916 1223 2972 et
1246 2907 1312 2971 iure

210 3013 433 3109 provocationis
454 3009 494 3073 ad
514 3008 688 3073 Romanam
706 3007 815 3073 sedem
835 3029 875 3071 ex
894 3026 1085 3091 quocumque
1099 3007 1312 3094 patriarchatu5

212 3124 328 3187 sincera
361 3116 467 3180 caritas
505 3123 536 3175 et
561 3132 634 3176 vera
667 3110 866 3175 sanctimonie
893 3105 1031 3189 Gregorii
1058 3108 1094 3173 X
1124 3112 1312 3197 aliorumque

210 3222 421 3288 Romanorum
440 3236 496 3302 per
523 3227 560 3277 ea
586 3226 723 3299 tempora
743 3212 935 3300 pontificum,
965 3210 1089 3275 Ioannis
1109 3210 1205 3276 Vecci
1225 3212 1312 3278 Con.

209 3318 467 3407 suntinopolitani
501 3316 710 3403 patriarchae,
748 3325 849 3400 partes
882 3314 1060 3377 Latinorum
1090 3314 1312 3381 studiosissime

210 3424 361 3510 amplexi,
395 3418 635 3483 constantissime
660 3417 747 3496 tuiti,
780 3414 909 3479 eruditio
934 3418 1091 3493 maxime,
1122 3419 1311 3481 liberrimum

211 3528 353 3609 idemque
383 3520 673 3609 perspicacissimum
693 3519 868 3601 ingenium,
897 3519 1043 3583 veracitas
1063 3518 1227 3605 intrepida,
1246 3522 1310 3585 vita

209 3628 381 3713 inculpata,
404 3646 506 3689 mores
526 3624 640 3703 sancti,
662 3621 772 3687 divinis
793 3621 885 3684 etiam
904 3619 1150 3685 illustrationibus
1180 3624 1309 3708 probati,

208 3732 320 3817 palam¹
342 3726 559 3811 magnificeque
585 3722 808 3813 praedicantur,
837 3723 930 3809 idque
950 3725 988 3785 ab
1014 3726 1132 3787 acuero
1162 3737 1254 3799 teste,
1276 3732 1309 3784 et

210 3829 294 3917 qnod
315 3840 403 3915 caput
425 3840 491 3905 est,
525 3822 619 3892 domo
640 3826 865 3892 adversantium
888 3823 1055 3911 producto,
1076 3826 1204 3912 ipsoque
1223 3820 1307 3884 haud

210 3930 433 3997 dissimulanter
452 3930 629 3995 adversariis
650 3928 807 4006 studente,
828 3940 862 3990 ut
884 3925 968 4013 quod
988 3924 1059 3988 dicit
1079 3926 1168 3988 nobis
1188 3927 1308 3998 sarens,

208 4054 385 4121 expressum
406 4032 557 4098 evidentia
578 4032 728 4108 veritatis,
749 4028 832 4117 quod
853 4028 1034 4092 conbariom
1052 4024 1211 4101 immiscet,
1231 4020 1307 4085 edu·

209 4138 334 4203 cationis
356 4136 431 4203 vitio
452 4134 607 4215 inolitum,
628 4134 824 4216 aulaumatum
841 4129 1023 4208 adulatione,
1044 4126 1212 4190 ambitiosis
1235 4146 1308 4213 spe·

208 4241 287 4319 hus,
308 4239 448 4307 obnoxiis
469 4258 488 4300 a
508 4236 541 4303 ri
560 4234 714 4319 tyrannica
733 4235 892 4297 timoribus
913 4242 1016 4295 contra
1035 4227 1129 4292 officii
1149 4228 1309 4293 conscien-

208 4340 284 4405 tiam
313 4352 484 4417 extortum,
510 4339 619 4403 merito
643 4335 753 4401 debeat
778 4334 912 4417 intelligi.
953 4331 1052 4408 araim
1071 4328 1191 4396 dicem:
1210 4328 1239 4395 si
1257 4337 1310 4389 to-
