3100 4850
476 204 629 288 ,met
668 205 945 292 GLOSSAPdUiL
1198 209 1272 286 611

181 383 258 448 tun,
272 381 481 456 ⁴,rarrrcrrprtam
498 373 590 437 luisse
605 373 735 450 etam,
755 371 809 438 ssd
826 371 859 436 id
877 391 986 438 nomen
999 383 1150 456 praetereo
1163 385 1270 438 erten-

181 481 249 522 sum
269 461 306 521 ad
323 458 551 540 significandum
569 461 756 540 aliquantam
774 458 864 540 spatii
877 459 933 518 soli
945 479 981 518 ac
994 459 1157 540 pavimenti
1170 463 1271 523 eccle-

180 546 245 614 siss
260 545 338 606 inter
350 546 461 606 solesm
476 544 619 606 stlocum
635 543 686 605 uhi
700 543 797 604 stabat
813 543 945 624 populus
958 543 1144 608 interiacens.
1166 567 1270 626 qaeme
1314 549 1317 556 ’

181 629 340 693 admodum
359 632 436 693 enim
454 631 556 711 βῆμα,
577 628 660 710 quod
673 629 797 709 proprie
812 628 937 708 gradum
948 638 1034 690 sonat
1048 639 1077 690 et
1093 631 1186 692 altare
1200 652 1271 710 gra-

180 715 268 775 dibus
276 715 425 790 ,videlicet
437 715 593 784 sublatum,
601 711 818 794 synecdochice
830 713 961 790 indicat,
982 713 1167 791 significabat
1181 735 1270 796 prae-

178 809 262 863 terea
284 800 413 880 spatium
435 798 491 858 soli
512 799 584 859 satis
596 799 708 876 latum,
730 797 811 877 qnod
826 799 862 858 ab
873 797 977 859 infimo
990 799 1093 860 altaris
1105 801 1200 878 grsdu
1215 821 1270 861 ns-

100 881 106 892 '
179 905 239 965 qne
259 884 297 945 sd
318 883 465 944 concellus
483 892 534 947 aut
553 885 665 945 soleam
679 883 819 964 patebat,
840 884 920 944 intre
940 883 1019 963 quod
1036 885 1166 965 spatium
1180 886 1270 946 statio

177 968 345 1030 antistitum
370 978 400 1030 st
420 969 609 1046 sacerdotum
634 977 709 1042 erat,
730 967 764 1028 id
779 967 858 1048 quod
872 977 956 1030 extre
970 989 1058 1030 omne
1073 970 1196 1030 dubium
1213 979 1271 1051 est,

176 1075 220 1114 ex
238 1054 386 1114 sexcentis
408 1053 517 1133 passim
536 1053 634 1114 obviis
654 1053 837 1134 scriptorum
857 1053 1037 1134 optimorum
1050 1055 1126 1116 locis
1143 1057 1272 1116 manife-

177 1147 275 1201 stum:
300 1137 341 1197 ita
363 1137 524 1200 dicendum
541 1159 660 1220 quoqne
676 1139 841 1198 necessario
863 1145 908 1198 est
927 1137 1024 1200 solers
1038 1139 1270 1221 appellationem

176 1231 369 1306 propagatam
382 1223 421 1283 ad
434 1223 649 1303 designandum
663 1223 801 1284 similiter
814 1223 942 1304 spatium
955 1222 1077 1303 aliquod
1090 1225 1165 1297 soli,
1186 1225 1270 1306 qnod

176 1306 278 1368 statim
294 1327 312 1365 s
330 1308 410 1381 solea
425 1328 529 1369 versus
540 1309 646 1390 populi
658 1329 695 1368 sc
708 1307 862 1368 concionis
875 1309 977 1370 locum
989 1309 1186 1385 tendebatur,
1207 1330 1269 1389 quo

176 1393 211 1454 in
231 1392 330 1472 spatio
352 1391 526 1453 subdiaconi
544 1394 674 1455 lectores
689 1392 798 1473 aliique
811 1393 966 1454 inferiores
984 1394 1125 1456 ecclesiae
1139 1395 1271 1455 ministri

175 1476 312 1554 stshant,
333 1476 441 1557 quibus
454 1477 503 1539 ins
514 1498 577 1540 non
590 1487 666 1540 esset
678 1477 758 1538 intra
770 1497 855 1540 sacra
867 1489 951 1560 septa
963 1477 995 1540 in
1009 1479 1076 1560 ipso
1090 1479 1206 1540 hemrte
1217 1487 1270 1550 sut

175 1561 362 1644 presbyterio
385 1572 474 1628 stare.
516 1564 605 1624 docet
619 1562 675 1624 hos
688 1583 743 1631 nos
759 1563 840 1623 clare
855 1565 985 1644 Symeon
1000 1563 1270 1626 Thessalonicensis
1318 1573 1322 1592 ⁸

174 1645 254 1708 libro
279 1646 315 1705 de
336 1650 419 1713 Sacr.
440 1645 488 1708 his
503 1648 622 1710 verbio:
643 1642 866 1724 sirrodmeiroae
882 1647 936 1710 sui
958 1641 1147 1754 dveyeoitrsc
1165 1654 1269 1730 subd*

174 1739 252 1796 σθαι
272 1727 329 1814 χρή
351 1733 465 1808 ἔξωθεν
483 1737 541 1798 rosi
554 1728 691 1816 βήματος
706 1732 776 1814 περὶ
789 1729 843 1796 cdv
857 1735 983 1808 σωλὲαν,
1004 1729 1037 1807 'oc
1056 1731 1095 1814 ts·
1114 1733 1167 1798 sol
1184 1736 1268 1816 βῆμα

173 1822 304 1882 καλεῖται
315 1809 524 1900 ἆναγνοστοῖν.
558 1815 769 1879 ‘subdiaconos
781 1829 809 1876 et
816 1817 942 1876 lectoren
951 1815 1052 1877 sedere
1063 1817 1174 1897 oportet
1184 1831 1269 1878 extra

173 1901 275 1979 bema,
295 1905 380 1963 circu
398 1904 531 1978 scham,
554 1905 653 1984 quiet
667 1903 752 1963 bema
768 1903 915 1962 lectorum
932 1913 1141 1982 nuncupetur.
1181 1903 1268 1962 berna

173 1984 225 2049 bic
242 1985 305 2046 dici
322 1987 422 2050 locum
443 1987 522 2049 intre
545 2009 628 2048 sacra
648 1996 733 2070 septa
749 1987 785 2046 ab
798 1986 933 2048 altariad
947 1987 1095 2048 cancellos
1111 1987 1267 2068 pertinens

172 2071 278 2133 nullus
297 2071 430 2147 dubitet,
458 2073 546 2153 quale
565 2071 657 2152 vulgo
680 2071 899 2155 presbyterium
922 2071 1020 2134 Latini
1045 2091 1265 2154 nnncnpssnns.

171 2154 251 2216 ilinc
266 2154 309 2214 ait
321 2155 593 2219 Thessalonicensis
611 2157 748 2219 exclusos
767 2156 968 2218 subdiaconos
983 2157 1169 2237 lectoresque
1183 2155 1267 2236 legi-
1330 2221 1336 2232 ⁸

170 2239 274 2301 timum
294 2241 452 2300 stationem
466 2239 606 2303 habuisse
617 2239 688 2324 moi
706 2241 820 2308 colico
834 2244 917 2302 circa
929 2243 1060 2318 solnm,
1083 2262 1171 2322 quern
1186 2261 1266 2322 pro·-

170 2335 273 2407 pterea
295 2324 405 2386 solesrn
426 2337 636 2407 nuncupatum
657 2327 700 2386 ait
722 2329 808 2408 βῆμα
831 2319 1047 2408 dseyvoorcir,
1076 2326 1161 2408 quasi
1183 2327 1266 2387 dices

170 2411 270 2471 altare
294 2410 452 2489 lectorum,
472 2411 588 2473 ideirco
611 2411 709 2492 qnod,
733 2421 769 2473 nt
785 2413 869 2494 βῆμα
888 2411 1008 2493 ispius,
1028 2432 1136 2493 nempe
1146 2432 1265 2473 sacrum

170 2496 278 2572 altare,
299 2496 385 2558 locas
405 2503 468 2558 erat
488 2497 610 2557 intimas
631 2498 669 2557 ad
690 2516 777 2578 quem
797 2492 937 2577 progredi
952 2496 1125 2559 sacerdotes
1141 2506 1266 2577 possent

169 2580 264 2641 sacris
277 2580 309 2640 in
323 2600 359 2641 eo
369 2582 558 2663 peragendis,
576 2582 619 2643 its
630 2580 725 2642 soleas
734 2590 814 2643 meta
826 2590 889 2641 erat
899 2583 1005 2643 nltims
1017 2581 1174 2643 ministerii
1188 2581 1265 2649 suls-2

170 2664 366 2726 diaconorum
390 2675 421 2727 et
439 2667 609 2744 lectorum,
636 2687 713 2747 quos
738 2676 896 2747 penetrare
915 2666 948 2729 in
970 2683 1054 2727 sacra
1072 2676 1157 2747 septa
1180 2668 1265 2727 nefas

168 2758 244 2811 eret.
285 2770 393 2811 rursus
416 2759 450 2811 nt
466 2750 594 2833 spatium
615 2752 695 2812 circa
713 2770 814 2827 eram,
834 2751 915 2812 intra
931 2750 1120 2832 synodusque
1138 2750 1265 2811 adcan-
1345 2775 1347 2781 ¹

168 2834 261 2896 cellos
282 2845 334 2895 aut
356 2835 467 2896 soleam
488 2836 658 2897 sacerdotes
680 2835 896 2911 consistebant,
916 2831 1049 2919 βήματος
1062 2836 1265 2917 appellatione

167 2918 491 2999 comprehendebatur,
513 2921 557 2981 sic
579 2920 669 2983 etiam
687 2920 816 3001 spatium
837 2930 905 2981 anto
925 2922 1056 2999 soleam,
1076 2921 1109 2981 in
1125 2942 1185 3002 quo
1200 2928 1264 2983 erat

165 3004 420 3074 subdiaconorum
441 3015 472 3065 et
490 3006 638 3067 lectorum
656 3005 759 3082 statio,
781 3006 880 3067 solere
896 3026 1017 3087 quoqne
1035 3004 1183 3066 vocabulo
1199 3006 1264 3085 βο·
1277 3012 1300 3068 Ρ
1315 3015 1369 3073 423

166 3088 355 3166 signsbatur,
375 3090 417 3148 its
438 3099 474 3150 ut
498 3090 530 3150 in
552 3090 635 3152 hisce
658 3090 774 3154 dnobus
796 3091 890 3152 soleas
909 3092 1085 3171 iungeretur
1101 3090 1174 3169 ipsis
1194 3091 1264 3153 vice

164 3168 301 3257 βήματος
314 3182 344 3233 et
356 3174 424 3234 ideo
438 3176 522 3255 βῆμα
533 3167 735 3255 siucysraorair
747 3176 833 3236 bema
844 3176 989 3235 lectorum
1000 3184 1167 3234 vocaretur.
1188 3172 1262 3234 haec

165 3260 312 3319 sententia
326 3269 371 3318 est
384 3260 543 3319 verborum
559 3259 741 3338 symeonis,¹
753 3259 908 3319 manifeste
923 3258 1095 3319 docentium
1112 3256 1196 3315 illam
1210 3257 1262 3317 in·

163 3341 238 3404 tinas
259 3342 407 3403 admotam
426 3344 523 3405 solers
542 3345 648 3424 templi
666 3352 781 3424 partem
798 3342 946 3423 impertiri
964 3342 1081 3403 solitam
1098 3361 1261 3421 nuncupa-

163 3428 248 3489 tione
261 3428 374 3502 soleas,
395 3449 449 3509 per
464 3429 668 3500 extensionem
682 3427 799 3501 sedicet
811 3426 987 3507 popularem
1002 3434 1033 3485 et
1048 3424 1146 3486 minus
1161 3426 1261 3505 rigida

187 3512 360 3592 roprietate.
397 3521 486 3593 atqne
501 3512 561 3573 hoc
575 3516 656 3583 valet
669 3514 708 3574 sd
719 3512 944 3591 intelligendum
959 3511 992 3571 id
1006 3510 1088 3590 quod
1101 3511 1172 3572 alibi
1186 3512 1260 3571 scri·

163 3534 213 3658 iit
230 3597 310 3657 idern
329 3596 616 3674 Thessalonicensis,
635 3599 715 3674 libro
726 3597 866 3657 nimirum
884 3606 986 3656 contra
1000 3594 1157 3655 Haereses:
1176 3598 1259 3678 ytre-

163 3706 215 3746 ται
228 3681 260 3744 δὲ
276 3682 391 3758 sicodor
404 3684 448 3758 εἰς
460 3679 513 3747 ro'v
527 3681 642 3747 eolice
658 3684 691 3746 ἐκ
709 3685 766 3762 rori
780 3674 914 3763 βήματος
929 3674 1073 3745 διακόνου
1089 3678 1142 3743 sel
1157 3678 1260 3764 ἱερέως

163 3768 235 3849 δίχα
251 3763 369 3845 φοίτων.
402 3768 447 3848 fit
460 3770 602 3828 introitus
614 3770 646 3827 in
658 3769 771 3827 soleam
785 3766 924 3827 chemate
938 3764 1063 3825 diaconi
1075 3776 1102 3823 et
1115 3762 1259 3824 sacerdo·
1360 3781 1362 3790 ’

164 3854 208 3911 tis
222 3854 287 3910 sine
300 3852 481 3918 mutibus.
522 3852 667 3913 describit
683 3873 796 3913 sacram
814 3852 971 3932 quamdam
985 3851 1178 3925 functionem,
1200 3868 1266 3927 qua·

163 3956 230 3997 mos
253 3947 316 3997 eret
336 3939 457 4017 prodire
474 3959 512 3999 ex
533 3938 721 4019 presbyterio
739 3937 893 4017 intempli
907 3947 1020 4018 partem
1037 3936 1063 3995 ei
1076 3942 1261 4015 praetentam

162 4021 346 4096 sacerdotem
366 4043 435 4083 cunr
455 4023 595 4085 diacono.
637 4024 720 4083 illanr
736 4023 829 4104 p'orro
842 4022 948 4103 templi
963 4030 1077 4101 partem
1093 4038 1153 4079 nna
1165 4017 1260 4093 solea,

162 4104 227 4166 sive
249 4106 390 4168 cancellis
409 4130 427 4168 a
449 4107 634 4189 presbyterio
654 4108 847 4188 diremptam,
875 4106 990 4165 schem
1010 4104 1151 4185 sppellat.
1193 4102 1262 4183 pari

161 4190 288 4253 notione
307 4192 484 4276 accipienda
504 4192 671 4255 necessario
688 4212 750 4257 τοι
763 4192 848 4253 solea
862 4200 908 4254 est
927 4190 1010 4275 apud
1023 4190 1167 4253 loannem
1183 4188 1261 4249 tlon·
