3100 4850
307 346 383 420 628
607 341 846 414 OBSERVAT.
870 340 1105 412 Ptfflrnatt.

305 511 478 592 tenpore
493 512 678 572 Camnntam
688 517 795 587 venat,
818 509 934 570 munia
945 527 1073 570 merem
1092 506 1193 570 fratria
1205 507 1251 568 ani
1270 505 1401 568 aaran

169 650 172 656 ,
306 599 433 658 oratoria
454 597 557 656 lmauii
574 597 673 655 lineae
692 596 807 676 neptim
827 595 1040 672 Theodoram,
1074 594 1158 653 euiua
1174 602 1263 674 pater
1280 593 1401 653 loaauea

304 683 408 744 laaaeii
422 680 501 741 liliaa
520 682 554 742 in
567 682 765 742 adoleaaantia
786 691 963 761 praereptae
974 679 1080 740 aeerba
1098 689 1196 738 morte
1207 679 1327 738 aninam
1339 696 1401 738 ean

304 769 422 850 prolem
435 767 597 845 reliquerat
607 767 697 828 uxuri
712 783 784 826 auae
797 765 945 846 Eudueiae
959 765 1076 826 mannia
1093 763 1197 844 rugeli
1214 763 1307 839 filiae,
1328 783 1401 842 quae

305 853 439 912 Eudeeia
459 852 586 913 ilereute
600 853 671 913 lieet
689 852 873 912 aetatevirn
888 851 1008 926 nmina,
1030 850 1173 910 laudabili
1188 849 1332 929 religiunia
1343 867 1399 908 ex-

306 940 405 1018 emplo
418 937 453 996 iu
464 937 615 997 viduitate
637 937 694 996 deu
711 935 845 998 eerviana
860 937 1035 1016 permanait3
1055 933 1137 995 unde
1150 934 1233 994 haud
1248 953 1320 994 vane
1333 933 1400 1014 upi-

304 1033 397 1084 uatur
411 1023 582 1103 Acropolita
597 1031 711 1102 partem
723 1023 846 1101 praemii
865 1021 1009 1082 divinitae
1027 1019 1135 1080 tributi
1151 1020 1262 1080 virtuti
1274 1019 1335 1078 eiua
1350 1019 1399 1078 vi-

306 1109 371 1168 ‹leri
397 1108 529 1188 potuiaae
548 1118 610 1167 tarn
624 1107 696 1168 felix
710 1106 881 1188 mniagium
902 1107 979 1166 filiae
991 1125 1045 1187 per
1063 1107 1097 1165 id
1109 1105 1149 1164 ad
1161 1105 1318 1185 imperium
1330 1123 1398 1163 mex

305 1192 484 1255 evehendae.

388 1299 420 1342 v.
434 1282 464 1342 2.
491 1278 601 1356 magni
613 1277 786 1334 comtauli
798 1273 958 1356 dignitate.
987 1275 1110 1336 ridetur
1119 1271 1193 1334 liaee
1208 1272 1334 1353 dignita·
1345 1272 1398 1332 lli·

303 1361 577 1439 ulra'e'lil’alaeologe
591 1361 699 1420 uullata
711 1363 866 1422 eueaeiene
879 1361 1051 1440 nuptiarum
1060 1359 1149 1420 mode
1163 1369 1398 1434 memoratarum,

305 1449 344 1507 ab
360 1449 425 1528 ipae
439 1465 542 1506 aarum
556 1446 746 1506 conciliatura
760 1447 871 1506 leenae
883 1447 1024 1524 Augusto.
1066 1465 1136 1504 nam
1150 1441 1326 1504 Theodorus
1341 1443 1399 1504 laa-

303 1533 351 1592 iua
368 1551 518 1592 aneceemr
529 1531 677 1609 iniquiore
686 1531 775 1592 suiaae
792 1533 873 1592 viena
886 1531 918 1590 in
930 1529 1100 1591 Michailem
1112 1548 1229 1610 nempe·
1245 1539 1291 1588 ut
1304 1530 1399 1588 anima

304 1637 394 1694 quam
408 1627 444 1676 ut
455 1616 488 1674 iu
504 1635 572 1676 eum
584 1616 753 1677 ornandum
764 1625 827 1676 tam
841 1618 978 1696 prosuaua
991 1625 1067 1676 earet
1072 1659 1082 1691 ,
1102 1615 1213 1694 alioqui
1226 1615 1347 1689 nolitne,
1368 1621 1399 1672 ut

304 1720 330 1760 e.
345 1721 406 1778 aeq.
426 1699 621 1779 Pachymerea
634 1703 789 1778 obaerrat,
817 1701 975 1780 dignitatea
995 1699 1138 1760 einamndi
1165 1699 1298 1760 tribuere
1319 1699 1401 1758 navia

303 1787 405 1866 pntiue
430 1785 600 1845 homiuibus
614 1805 704 1863 qaam
716 1787 901 1867 principibaa
919 1787 991 1867 regii
1007 1785 1170 1866 κημὼίι,
1194 1805 1324 1866 quoram
1342 1793 1399 1844 erat

304 1871 497 1952 deprimenda
510 1872 668 1950 supercilio
678 1875 821 1933 intentur.

200 1965 221 2018 P
237 1965 289 2022 tue
390 1977 421 2017 v.
432 1956 463 2021 5·
504 1968 578 2016 vota
597 1960 662 2016 eiua
677 1961 797 2038 gatteria
812 1967 907 2016 mente
920 1955 999 2014 ulum
1012 1957 1124 2016 r'artimu
1140 1952 1333 2014 subsidentia
1347 1961 1398 2015 ete.

304 2039 353 2102 lria
366 2042 532 2120 exprimere
548 2051 674 2102 cenatur
686 2063 753 2104 aum
771 2041 848 2102 illud
870 2041 1085 2102 subobscurum
1101 2040 1132 2116 ἐξ
1148 2033 1192 2102 aiv
1210 2037 1399 2120 &antapl-

304 2149 369 2190 νων
382 2121 455 2205 εἶχε,
479 2126 701 2202 eeuteutia,0ut
713 2147 818 2208 apere,
838 2125 876 2186 ab
889 2127 1020 2192 auctorit
1037 2145 1125 2188 aenan
1136 2145 1199 2184 nen
1215 2123 1401 2184 abhorrente.

304 2211 358 2270 aed
369 2212 507 2290 deinceps
525 2213 602 2270 eirca
625 2212 727 2272 rimilia
738 2212 942 2294 perplexitatis
962 2213 1044 2287 luen,
1064 2211 1163 2290 qualia
1177 2212 1284 2292 paeaiua
1296 2229 1402 2270 necara-

190 2355 197 2366 ,
304 2305 379 2356 runt
397 2296 429 2354 in
448 2293 508 2354 hoe
519 2297 683 2376 aeriptara,
704 2293 780 2358 nihil
797 2297 938 2358 morabor
955 2297 1096 2357 leeterem
1107 2296 1140 2356 in
1160 2293 1207 2356 lria
1223 2295 1318 2371 notia;
1336 2295 1401 2373 qui·

304 2380 363 2442 baa
379 2389 500 2441 tantum
520 2382 699 2458 neeeaaaria,
726 2383 818 2462 idque
845 2381 1031 2457 brettaniae,
1064 2380 1196 2452 iudicare
1218 2379 1401 2463 propudium

304 2476 359 2527 eat.
402 2467 485 2546 quod
507 2486 572 2527 rem
595 2470 691 2549 ipram
711 2470 838 2545 attinet,
868 2488 927 2547 qua
947 2468 985 2527 de
1005 2466 1056 2527 hie
1078 2467 1192 2547 agitur,
1221 2477 1338 2527 aarum
1359 2474 1402 2525 eat

303 2551 477 2613 Michaelem
495 2553 701 2634 Palaeelegum
723 2554 784 2615 iam
805 2574 823 2612 a
844 2572 937 2634 puero
962 2552 1118 2615 titillatum
1147 2552 1402 2631 imaginationibus

304 2637 439 2715 imperii,
462 2639 642 2698 eumeieutia
656 2639 799 2699 natalium
812 2638 1013 2719 Auguaturum
1027 2647 1059 2697 et
1074 2654 1212 2717 praeaaga
1224 2637 1402 2697 iudicatione

306 2722 501 2799 auguriorum
527 2724 674 2784 exeitatia.
715 2746 778 2785 nun
805 2725 895 2784 semel
917 2723 961 2785 illi
979 2732 1155 2783 narraverat
1177 2744 1264 2783 aaron
1283 2724 1401 2803 Ealugia

304 2806 466 2866 laetaniam
482 2807 583 2867 adhue
600 2809 697 2888 ipaum
717 2830 780 2869 nnn
802 2810 843 2869 ad
863 2810 951 2869 aliern
971 2808 1084 2870 acinus
1098 2806 1319 2869 obdormiaeere
1331 2826 1401 2868 aaa·

306 2889 388 2950 niarn
406 2890 544 2966 aelitum,
570 2912 662 2969 quam
682 2895 725 2953 ad
739 2914 806 2954 eam
822 2914 897 2972 qnae
910 2897 1074 2973 Augustum
1093 2894 1245 2971 quondam
1258 2894 1343 2955 illum
1355 2895 1401 2953 iu-

306 2982 428 3057 peetum
443 2974 482 3033 iri
496 2972 786 3057 Gunatautinupalim
799 2998 853 3057 per
869 2988 988 3057 portam
1002 2980 1129 3039 Aurmrn
1142 2986 1270 3043 caneret.
1311 2980 1401 3038 rain-t

305 3059 340 3121 id
351 3067 454 3119 uerter
464 3079 496 3139 p.
521 3060 584 3124 128
601 3080 633 3121 v.
653 3066 704 3127 12.
732 3082 837 3123 venem
854 3064 1014 3125 MARPOV
1033 3064 1072 3124 ‹le
1092 3064 1175 3124 eaelo
1194 3064 1314 3125 misaam
1329 3084 1401 3123 eau-

305 3153 422 3207 textam
435 3164 453 3204 e
466 3164 522 3206 aex
533 3145 630 3208 literia
640 3165 718 3225 qaae
728 3146 902 3209 Mieha'e'lem
918 3150 1083 3229 Augustum
1090 3150 1293 3211 Romanorum
1303 3150 1401 3229 Ocyua

306 3228 484 3291 vocandum
504 3230 716 3311 aignilieereut,
736 3253 753 3292 a
772 3230 1022 3295 Theamlunieeuei
1044 3236 1176 3295 antiatite
1190 3236 1286 3295 laetae
1299 3236 1401 3294 audie·

213 3359 216 3365 «
307 3324 376 3390 rat,
398 3327 436 3376 ut
446 3326 590 3377 narratur
602 3316 662 3379 hee
675 3338 704 3401 p.
717 3320 761 3384 528
775 3340 805 3381 v.
820 3323 883 3384 9et
900 3326 948 3386 17.
990 3320 1118 3399 (lenique
1132 3320 1251 3395 tacitae,
1271 3320 1324 3379 aed
1334 3340 1402 3399 gra·

307 3401 408 3459 tulana
437 3402 626 3481 gaudeaeque
652 3403 759 3465 intime
784 3424 871 3466 umen
898 3414 1073 3485 captaverat
1098 3424 1137 3465 ex
1159 3414 1251 3465 cantu
1277 3406 1401 3467 fortuite

308 3484 441 3544 Ghadeni
454 3489 628 3565 proximum
641 3490 668 3549 ei
679 3490 886 3551 vatidniurtm
897 3510 1021 3569 regnum
1033 3490 1244 3573 spondentium
1262 3500 1401 3551 eventura

308 3582 491 3649 augmenta,
511 3582 604 3652 prout
614 3573 726 3635 ibidem
735 3596 766 3656 p.
781 3578 825 3643 30
839 3596 869 3637 v.
885 3580 924 3643 19
936 3577 1052 3657 legitur.
1093 3576 1197 3637 iuveni
1213 3576 1343 3654 danique
1353 3596 1402 3635 ae-

309 3655 379 3716 lerti
397 3656 470 3716 serti
487 3675 628 3735 generare
652 3661 730 3721 altor
747 3660 869 3721 afflabat
885 3662 1008 3743 spiritua
1024 3662 1125 3723 lrenea
1144 3662 1227 3723 aviae
1250 3672 1402 3722 maternae

309 3740 523 3820 primogenitae
534 3741 632 3805 Alexii
640 3745 828 3827 imperatoria
840 3746 888 3809 ina
906 3747 945 3807 ad
956 3748 1113 3827 imperium
1128 3756 1251 3829 paterna
1266 3748 1402 3826 daign-

310 3825 395 3885 tiuue
407 3826 441 3884 iu
453 3825 557 3886 virum
575 3828 640 3890 eiua
657 3832 830 3912 prolemque
840 3834 1072 3915 propagandam.
1113 3852 1183 3893 nam
1195 3832 1282 3909 huie,
1303 3842 1340 3893 ut
1352 3850 1402 3893 ra-

310 3911 372 3970 sert
384 3910 530 3991 etagota·
543 3912 599 3981 ιδ
617 3934 648 3995 p-
661 3920 714 3991 82,
730 3916 883 3999 Augurina
900 3921 1015 3997 genitor
1036 3918 1197 3979 ruhniam
1214 3918 1400 3998 crepidarum

310 4014 401 4056 naum
413 3994 603 4075 decreverat,
624 4000 708 4077 quod
719 4003 804 4081 prole
814 4022 917 4063 carena
930 4004 1058 4065 maacnla
1070 4006 1169 4064 virum
1182 4003 1247 4065 eiua
1263 4024 1300 4062 ae
1312 4002 1400 4063 anbe-

308 4079 370 4139 lfln
381 4098 504 4180 eernere
518 4082 701 4164 pn‘aeipatua
711 4084 908 4150 hereditatem
926 4091 1046 4151 omnino
1057 4090 1157 4149 vellet.
1199 4107 1257 4147 nee
1275 4098 1342 4149 erat
1351 4084 1399 4167 qai

309 4182 373 4222 neu
384 4164 502 4226 videret
515 4166 584 4226 talia
601 4167 726 4247 indolis,
746 4182 848 4233 tantae
864 4174 1027 4235 nubilitatia
1050 4174 1266 4235 adolescentem
1284 4172 1338 4235 tali
1350 4190 1398 4232 re-

308 4263 380 4304 ram
395 4257 478 4309 atatu
493 4248 577 4309 haud
598 4254 728 4315 absurde
745 4258 779 4317 in
799 4276 918 4337 magnae
929 4278 1079 4339 amurgere
1098 4280 1163 4341 epea
1175 4278 1269 4340 poene.
1311 4272 1398 4335 qnare

308 4324 454 4395 loannem
463 4332 624 4418 Batatam
642 4340 803 4422 mentun
818 4344 927 4425 alioqui
950 4344 1099 4409 Hiehaeiia
1109 4342 1397 4417 aimmeirins»
