3100 4850
468 245 624 324 natu
659 242 1028 321 cusonomuteus.
1226 249 1302 332 tte

287 411 340 474 lv.
381 407 500 477 tunt
517 408 738 478 restitutionem
765 421 832 480 uest
849 411 947 480 matta
967 419 1038 491 post
1056 419 1176 494 osptsns
1195 414 1302 479 urben

143 509 148 515 '
206 497 366 578 contineas
377 496 448 557 inde
464 505 675 575 argumentum
692 493 763 558 duci
786 505 903 575 potest,
930 496 1012 576 quod
1022 495 1057 557 in
1070 497 1200 559 secunda
1215 521 1301 561 coro·

202 581 325 644 natione
336 581 540 644 blicbttilisab
556 582 682 644 Ameria
702 580 829 642 delinito
840 581 927 642 donis
948 592 979 642 et
991 578 1157 645 honoribus
1171 582 1299 648 ldsenter

204 667 369 742 celebrata,
409 667 546 746 proxime
575 665 724 729 dominica
749 675 819 747 post
841 675 1027 746 resumptum
1053 666 1300 748 patriarchatum,

201 750 309 814 Alexio
323 751 533 832 Strategcpnlc
544 751 669 822 Curari,
694 750 746 830 qni
756 751 863 814 urbem
876 761 1007 831 ceperat,
1026 751 1153 813 eximius
1168 762 1198 812 et
1209 753 1300 832 plana

201 835 457 898 extraordinarius
473 834 575 908 bonas,
591 846 635 896 est
651 835 788 911 habitus,
815 846 849 897 ut
865 837 966 897 statim
985 845 1059 918 post
1075 836 1223 916 Augustos
1245 837 1298 918 qui

201 920 436 998 coronabantur,
453 919 513 982 hcc
525 931 570 986 est
581 919 755 984 bliobailesn
769 922 976 1001 Palaeologam
992 931 1023 982 et
1035 919 1221 982 Theodoram
1234 923 1297 983 eina

200 1007 372 1084 coniugem,
393 1005 599 1073 nominaretur
612 1007 646 1066 in
659 1007 817 1087 synoptis,
836 1005 897 1066 boc
918 1005 1010 1067 estin
1027 1005 1141 1066 litaniis
1155 1016 1186 1068 et
1197 1007 1298 1086 preci-

199 1089 256 1150 bus
273 1090 412 1171 publicis.
453 1093 584 1156 sclerum
595 1090 686 1151 hoca
702 1089 883 1170 Pscbymere
898 1092 919 1150 l.
929 1096 954 1156 8-
965 1111 992 1156 ο,
1009 1093 1099 1158 2snb
1114 1091 1223 1168 tinem,
1243 1091 1298 1152 ubi

199 1183 281 1236 recta
293 1175 432 1238 observat
441 1175 602 1242 historicus
612 1175 704 1238 luisse
713 1173 795 1236 banc
803 1175 952 1254 quandam
960 1174 1231 1238 exauctorationem
1239 1197 1297 1257 pu·

198 1259 265 1340 pilli
284 1261 423 1339 Ioannis,
451 1261 625 1324 astutissimi
643 1263 833 1342 imperatoris
856 1260 1054 1322 blanditiiset
1069 1260 1184 1322 artibus
1196 1260 1296 1342 impe-

196 1351 308 1408 tratam
320 1367 336 1405 a
349 1346 478 1427 simplici
490 1347 615 1410 nmium
631 1344 822 1428 patriarcba,
843 1365 906 1406 non
914 1346 1096 1426 providente
1106 1357 1170 1408 tum
1181 1345 1295 1408 vidali-

198 1439 246 1490 cet
267 1451 327 1510 quo
352 1429 426 1496 baso
446 1431 641 1514 pertinerent.
683 1433 715 1492 in
738 1451 800 1512 quo
820 1441 855 1489 ut
876 1431 965 1490 tuone
990 1431 1075 1495 fieret
1091 1433 1174 1505 seni,
1206 1439 1294 1492 etex

197 1517 323 1578 materis
341 1527 483 1598 apparet,
505 1517 665 1598 suspicaci,
687 1525 718 1578 et
732 1517 782 1576 oui
796 1515 1073 1596 salusdignitasque
1086 1515 1197 1597 pupilli
1208 1516 1296 1576 loan-

196 1600 261 1675 nis,
283 1601 348 1664 eists
364 1601 510 1684 peculiari
528 1621 617 1665 curae
636 1601 803 1678 commissi,
831 1611 909 1677 erat,
931 1613 965 1663 ut
980 1602 1115 1681 oportuit
1135 1611 1165 1661 et
1176 1621 1225 1662 res
1237 1601 1294 1674 de-

196 1683 498 1764 indemonstratum,
519 1688 607 1765 longe
621 1686 784 1764 carissima,
806 1686 875 1768 quis
887 1706 949 1746 non
967 1687 1053 1748 ridet
1064 1687 1157 1746 lesisse
1171 1706 1295 1746 necesse

195 1777 232 1830 ut
245 1771 340 1848 gratia
360 1771 490 1851 flagrans
514 1771 612 1838 tlsxii
635 1772 785 1846 Camsis,
806 1771 841 1830 iu
857 1772 1060 1832 recentissima
1072 1769 1214 1833 videlicet
1226 1791 1294 1830 me-

194 1855 292 1916 moris
310 1855 424 1918 heroici
433 1897 435 1904 ,
445 1857 587 1926 facinoris
600 1877 662 1936 qno
681 1877 746 1918 rem
759 1858 924 1916 Romanam
935 1855 1056 1936 imperii
1068 1840 1229 1935 metropoli
1239 1874 1293 1916 re-

194 1940 367 2020 cuperanda
381 1941 608 2022 incomparabili
624 1941 768 2004 beneficio
785 1941 843 2002 sibi
854 1940 1054 2016 devinxisset,
1079 1939 1213 2013 rationes
1229 1959 1292 2018 pn·-

216 2025 263 2090 itti
274 2027 438 2108 principis,
460 2029 509 2090 cui
529 2027 764 2108 praeferebatur,
787 2035 817 2086 et
834 2027 944 2089 multas
957 2025 1029 2086 alias
1040 2033 1102 2084 tam
1116 2023 1292 2084 inusitatum

192 2045 326 2172 bominis
351 2131 416 2176 noo
433 2112 608 2193 imperantis
632 2111 778 2174 honorem
806 2109 1011 2173 dissuadentes
1038 2109 1294 2182 considerationes

192 2194 385 2262 eluctaretur.
424 2197 519 2275 igitur
534 2215 603 2258 cum
616 2197 722 2258 urbem
737 2196 774 2256 ab
789 2197 896 2257 Alexio
909 2205 1026 2277 captam
1038 2193 1229 2256 statuerimus
1241 2193 1291 2254 die

192 2277 235 2346 26
251 2279 322 2343 Iulii
335 2280 406 2342 anni
419 2283 512 2359 1261,
527 2283 694 2362 ingressum
712 2300 786 2346 rere
812 2280 845 2340 in
868 2301 934 2340 eam
956 2280 1082 2340 solemni
1103 2299 1213 2360 pompa
1228 2277 1289 2336 ldi-

192 2361 327 2429 chaelon
347 2367 515 2446 sumnum
533 2372 572 2435 18
593 2367 655 2431 tal.
677 2367 828 2449 Septemb.
856 2365 990 2428 eiusdem
1015 2364 1085 2425 enni
1096 2408 1107 2440 ,
1133 2363 1182 2425 die
1201 2382 1288 2439 sacro

30 2407 37 2447 ε
119 2450 124 2471 ’
192 2448 331 2531 deiparae
347 2462 518 2533 assumptae
533 2452 641 2515 doceet
661 2453 836 2533 Acropolita
859 2473 886 2511 c.
900 2454 951 2527 88,
966 2451 1064 2510 dicere
1079 2449 1167 2509 valde
1182 2447 1288 2510 serisi-

191 2534 304 2599 militer
315 2557 474 2615 possumus
486 2546 673 2618 resumptum
684 2538 722 2597 ab
736 2536 860 2598 Arsenio
874 2536 1004 2614 regimen
1020 2532 1288 2615 patriarchalisse-

180 2619 238 2679 ,slis
252 2620 308 2683 sub
321 2622 412 2687 finem
426 2624 553 2703 Augusti
567 2623 676 2685 mensis
689 2632 720 2685 et
731 2621 888 2682 Michaelis
907 2624 1130 2681 coronationem
1149 2618 1205 2676 sub
1223 2615 1288 2676 ini-

189 2704 266 2765 tium
284 2706 465 2787 Septembris
478 2708 664 2775 celebratam.
707 2708 739 2767 in
754 2727 815 2786 quo
829 2705 856 2767 si
870 2705 936 2785 quis
949 2705 1123 2782 vitilitigare
1137 2702 1220 2778 salit,
1241 2711 1287 2760 ts.

188 2790 353 2857 nunidem
374 2792 406 2853 id
427 2793 459 2853 in
481 2794 607 2872 longum
631 2791 752 2855 differre
767 2813 830 2852 uon
848 2790 970 2871 poterit.
1012 2810 1082 2851 cum
1103 2787 1183 2849 enim
1202 2795 1287 2847 certo

161 2888 164 2897 “
189 2874 390 2937 definierimus
410 2878 546 2957 superius
567 2898 593 2936 c.
611 2875 876 2943 4n.410annem
898 2877 1064 2956 Augustum
1088 2892 1214 2953 puerum
1228 2891 1284 2931 ex-
1302 2872 1325 2927 P
1341 2871 1394 2930 ets

188 2970 339 3025 caecatum
357 2958 449 3025 fuisse
464 2962 513 3023 die
525 2960 638 3029 Christi
650 2961 743 3021 natali
754 2961 846 3024 buius
858 2964 930 3021 anni
946 2964 1038 3037 1261,
1054 2968 1084 3018 et
1097 2958 1288 3019 manifestans

189 3045 230 3105 sit
249 3047 330 3105 inter
352 3047 575 3107 coronationem
597 3044 754 3107 Michaelis
777 3056 807 3107 et
828 3045 1069 3107 excaecationem
1082 3042 1202 3103 Ioannis
1215 3041 1286 3100 ido·

187 3148 279 3189 nanm
304 3127 467 3208 quodpiam
491 3129 636 3208 temporis
669 3128 802 3207 spatium
823 3129 1041 3201 intercessisse,
1069 3124 1152 3183 haud
1179 3124 1285 3201 utique

187 3212 285 3275 molto
297 3208 378 3272 ultre
394 3211 483 3271 fixam
498 3234 515 3271 s
528 3211 615 3295 nobis
629 3209 697 3271 initi
712 3212 879 3271 secondum
894 3211 932 3271 ab
947 3208 1073 3271 Arsenio
1091 3207 1285 3289 patriarcba·

186 3306 237 3359 tus
251 3295 397 3377 epocham
408 3297 512 3359 licebit
521 3296 715 3377 quantumvis
729 3306 835 3373 arguta
847 3296 1027 3355 coniecturis
1039 3292 1167 3372 evagari.

272 3376 307 3445 V.
350 3382 499 3441 Habemus
511 3380 631 3441 initium
651 3378 775 3460 secundi
789 3379 1008 3460 patriarchatus
1022 3378 1147 3440 Arsenii.
1188 3384 1284 3437 restat

186 3466 256 3529 linis
276 3468 408 3529 eiusdem
427 3465 625 3546 indagandus.
666 3475 770 3525 narrat
790 3462 986 3544 Pacbymeres
1002 3465 1024 3528 l.
1043 3466 1066 3528 8
1087 3484 1117 3527 c.
1133 3459 1173 3527 tt
1188 3460 1283 3522 Arse-

186 3552 271 3612 nium
292 3550 494 3634 patriarcham
513 3549 615 3612 andita
633 3549 753 3613 Ioannis
778 3551 992 3611 excaecatione
1004 3547 1159 3608 anathema
1169 3546 1202 3605 in
1217 3546 1279 3611 cisse

185 3646 336 3699 auctorem
359 3636 532 3699 minuerem
553 3635 722 3715 Augustum
742 3634 905 3697 intorsisse.
944 3633 978 3694 id
1002 3636 1115 3693 lactum
1142 3632 1280 3711 oportuit

185 3724 266 3783 cirea
281 3722 402 3785 initium
417 3720 490 3783 anni
504 3720 613 3783 Christi
629 3725 722 3797 126³,
740 3740 809 3783 cum
825 3720 958 3802 primum
975 3738 1082 3797 nempe
1097 3718 1216 3795 vulgata
1229 3714 1279 3773 fs-

184 3826 234 3869 sna
256 3817 303 3869 eat
321 3806 394 3869 lacti
414 3806 534 3869 atrocis.
564 3826 628 3887 cap
654 3804 765 3867 deinde
786 3810 826 3872 19
845 3804 956 3866 dicitur
971 3802 1163 3877 blicbselem,
1193 3808 1278 3879 post-

183 3912 274 3972 quam
293 3892 435 3953 videlicet
454 3890 627 3971 aliquandiu
640 3890 834 3970 ignominiam
852 3888 1057 3950 meritissimae
1070 3904 1184 3969 poenae
1196 3883 1278 3944 taci-
1308 3871 1314 3904 ¹

183 3984 234 4039 tus
247 3976 373 4053 tulerat,
395 3976 512 4059 petiisse
525 3976 691 4057 supplicem
707 3976 744 4035 ab
763 3974 892 4037 Arsenio
907 3973 1086 4035 eeludonem
1103 3968 1277 4032 anathema-

182 4060 237 4137 tis,
261 4082 317 4121 nec
327 4072 445 4140 umen,
464 4060 535 4125 licet
548 4060 601 4121 diu
615 4070 646 4121 at
659 4058 850 4123 uehementer
861 4058 1027 4134 institisset,
1049 4058 1210 4136 impetrare
1220 4074 1277 4133 po-

182 4148 286 4208 tuisse.
326 4148 422 4207 multa
449 4146 558 4209 debinc
580 4154 743 4209 narrantur
760 4166 873 4209 norem
894 4144 1019 4224 reliquis
1041 4138 1189 4223 capitibus
1205 4135 1277 4199 libri

182 4230 283 4307 tertii,
304 4250 381 4313 quas
394 4233 451 4299 illo
463 4232 625 4297 intersita
636 4231 749 4295 trusus
759 4230 873 4319 petitae
884 4228 1081 4294 absolutionis
1094 4225 1132 4288 sb
1149 4244 1277 4289 excom*
