3100 4850
286 319 359 394 140
599 325 779 394 GEORGII
797 327 1062 396 PACHYMRRIS

281 521 336 574 το,
365 489 435 561 nire
455 493 490 562 di
512 495 570 580 τὴν
592 493 733 580 ὑποψίαν
757 496 1042 583 διαφυλαττάμενυς
1060 499 1201 568 {noodr
1220 500 1282 583 c'ir,
1316 513 1383 581 τοῖς

281 597 543 682 ὑποβαλλομένας
570 601 755 685 προσέχων,
796 594 830 668 τά
859 603 948 679 sidric
967 610 1031 670 τῶν
1056 598 1160 670 τάττων
1186 607 1290 689 cusin,
1329 611 1382 672 καὶ

280 703 522 787 προσεσκέιττετο
547 701 631 780 ὅπως
651 703 764 788 άριστα
787 705 902 788 γένοιτυ
920 709 971 772 καλ
988 707 1067 787 μετὰ
1088 709 1226 791 σπουδῆς
1239 709 1274 774 τέ
1288 715 1379 790 μελε,

277 803 414 889 τάμενυν
426 807 531 892 σφίσι,
556 805 601 892 μή
615 831 682 884 πως
699 810 751 874 καλ
765 805 1013 887 άντιλλαξάντων
1034 815 1125 875 τινῶν
1144 809 1181 876 τέ
1204 811 1237 877 ἐν
1251 819 1378 902 κρυπτῷ

222 986 225 998 ¹
278 912 452 996 φωραθείη.
1256 964 1260 973 .

137 1041 139 1046 ·
188 1011 211 1062 Ρ
228 1011 261 1066 91
384 1013 443 1083 27.
493 1008 548 1088 Ὡς
569 1018 644 1098 γοῦν
666 1009 739 1094 ἐστη
762 1010 799 1077 τέ
822 1017 885 1078 ταῖν
907 1017 964 1096 τῆς
983 1019 1119 1097 βουλῆς,
1151 1011 1244 1081 καλά
1272 1014 1379 1099 καιρὸς

279 1110 438 1182 ἐτάττετο·
465 1114 575 1190 νυκτὸς
588 1115 647 1199 γάρ
661 1114 717 1198 τὴν
734 1115 901 1201 ἐπιβουλὴν
916 1119 1065 1182 συνοίσειν
1082 1118 1134 1183 καλ
1149 1117 1183 1182 ἐκ
1202 1123 1259 1184 τοῦ
1272 1119 1378 1202 αἰφνι-

278 1221 348 1286 δίου
373 1217 417 1302 μὴ
440 1217 684 1302 προσδοκώντων
706 1217 852 1300 ἐγνωσαν.
903 1217 1051 1296 κάκεένοις
1069 1220 1126 1301 μέν
1140 1219 1232 1302 μέλον
1248 1213 1286 1303 ἦν
1300 1222 1377 1286 ἐντα-

278 1317 491 1405 ναβεβηκάτυς
512 1320 547 1387 τά
568 1330 666 1404 τεῖχος
681 1319 732 1386 dcci
747 1318 902 1404 κλιμάκων
916 1321 1060 1409 άτγυφητέ
1077 1322 1151 1398 ruric
1163 1319 1328 1409 φυλάττειν
1343 1347 1376 1389 τε

278 1425 480 1509 τεταγμένους
494 1411 709 1508 καταρριατεῖν
720 1423 842 1490 άνωθεν
856 1426 908 1488 καῖ
925 1424 982 1508 τὴν
996 1431 1052 1507 τῆς
1066 1431 1164 1510 πηγῆς
1176 1422 1276 1508 πάλην
1288 1424 1375 1490 cirol-
1384 1442 1417 1495 10

279 1552 341 1613 γειν
362 1533 482 1614 σφῆνας
503 1525 712 1609 ἐμβαλόντας,
738 1526 798 1597 τὸν,
819 1527 851 1592 ἐκ
871 1529 971 1594 λέθων
990 1525 1094 1611 μόνων
1118 1524 1375 1613 νιροσαρμάζοντα

238 1627 377 1716 Βταάτῃ
404 1640 507 1712 τοῖχον
536 1626 779 1715 κατερηριφάτας
803 1626 971 1715 πρότερον,
1004 1635 1048 1718 τῷ
1075 1631 1111 1695 δέ
1135 1632 1273 1713 Κοέσαρι
1301 1629 1375 1705 roric

273 1729 470 1817 στρατιώτας
491 1732 542 1798 διά
558 1733 666 1810 νυκτὸς
682 1729 882 1818 ἐφελκόμενον
899 1730 1030 1813 ἑτοίμως
1045 1728 1213 1814 εέσβάλλειν
1227 1733 1279 1797 καὶ
1292 1732 1372 1798 κατά

276 1836 333 1920 τὴν
354 1835 551 1919 άνοιχθεῖσαν
571 1833 670 1919 πάλην
689 1835 890 1921 εἰσέρχεσθον.
943 1834 1039 1911 εὐθὺς
1058 1842 1114 1917 τῆς
1131 1831 1302 1919 ὡρισμένης
1317 1860 1373 1899 νυ-

275 1938 349 2014 κτὸς
372 1936 537 2022 ἐπιστάσης
559 1939 588 2004 ui
609 1941 665 2021 μέν
685 1933 765 2022 ἦσαν
789 1938 867 2022 πρὸς
885 1937 1028 2027 τοάργρν,
1054 1941 1105 2002 καὶ
1125 1934 1221 2003 τόπον
1242 1936 1371 2002 εάθετον
1380 1955 1412 2009 15

189 2074 202 2092 ν
275 2038 499 2125 στοχασάμενοι
513 2044 606 2108 ἐκεῖσε
618 2048 773 2127 προσῆγον
787 2041 844 2124 τὴν
856 2042 1006 2123 κλίμακα,
1027 2036 1226 2127 εάφυλάκτως
1238 2039 1274 2106 τὸ
1290 2035 1370 2122 σάμ-

274 2171 337 2211 τταν
352 2143 487 2230 ἔχοντες,
513 2141 556 2228 μή
571 2168 637 2220 πως
648 2154 712 2220 τοῖς
724 2140 840 2228 φάλαξι
851 2150 1026 2228 φωραθεῖεν
1040 2145 1090 2208 καὶ
1104 2143 1160 2226 τὴν
1174 2141 1280 2229 θήραν
1292 2142 1371 2208 άνο-

234 2245 435 2330 condiamus
443 2297 453 2328 ,
481 2253 601 2330 μᾶλλον
613 2247 669 2330 μὲν
686 2239 740 2312 οὖν
756 2249 807 2311 καλ
822 2247 963 2330 μέγιστος
977 2244 1085 2322 αάτοῖς
1095 2247 1235 2320 αένδυνος
1249 2248 1368 2332 ἐπιστῇ,

272 2353 300 2418 εἰ
314 2348 412 2443 dicier
425 2347 680 2434 ἐπιβουλεύοντες.
730 2351 859 2437 Καῖσαρ
872 2349 907 2415 δέ
920 2355 977 2433 τῆς
990 2347 1099 2425 νυκτὸς
1110 2349 1224 2432 ἐκείνης
1236 2347 1271 2414 τά
1284 2353 1368 2414 Σκυ-

1384 932 1419 1010 51

338 2508 365 2574 ’2.
383 2512 499 2585 σονῄιιῖ

271 2648 1161 2796 ειλανελιν,ννλεζλιλωανλερωαωεε
1174 2650 1368 2779 ταντα

264 2789 366 2843 uadens
382 2806 565 2860 removensque
582 2806 611 2842 se
633 2807 649 2842 a
674 2794 829 2859 conspectu,
853 2804 951 2855 semper
973 2785 1006 2842 lis
1026 2803 1093 2858 quas
1108 2786 1310 2855 suggerebantur
1324 2790 1366 2837 st-

270 2858 395 2911 tendensr
412 2859 467 2912 ibat
483 2859 549 2912 enim
566 2873 617 2913 ants
634 2874 690 2911 cum
710 2860 766 2928 lpse
783 2857 852 2910 idem
873 2856 917 2909 ille
935 2856 1096 2909 Ontritzaces
1111 2855 1277 2926 peritissimus
1295 2854 1366 2905 loco-

270 2942 344 2993 rum,
366 2928 464 2997 pariter
485 2936 577 2981 cuneta
603 2926 816 2997 circumspiciens.
850 2926 1017 2995 providebant
1038 2933 1123 2978 eutem
1142 2924 1216 2978 ambo
1237 2922 1310 2975 simul
1334 2929 1366 2975 nt

270 3012 347 3065 quam
371 2996 465 3066 optimc
492 3014 619 3068 quamque
642 2996 772 3049 celerrime
801 2995 870 3065 qnod
893 2995 1084 3048 meditabantur
1109 2994 1200 3046 fieret:
1222 2990 1365 3062 perieulum

270 3064 338 3117 enim
356 3070 413 3117 erat
431 3065 458 3118 in
475 3082 562 3130 mora,
585 3082 617 3119 ne
637 3065 733 3135 aliquid
751 3064 867 3117 alicunde
885 3064 1024 3117 sentientes
1041 3063 1159 3116 custodes
1176 3060 1301 3115 moenium
1317 3076 1364 3112 ro-

267 3132 440 3187 cilersrentur
456 3142 484 3187 at
500 3135 568 3203 quod
586 3136 648 3187 clam
668 3136 809 3203 parabatur
823 3133 908 3202 palam
923 3133 1069 3203 proderent.

338 3204 381 3285 ²..⁷·
414 3202 452 3255 Ut
476 3203 555 3287 igitur
576 3203 608 3255 de
632 3204 745 3287 omnibus
770 3202 889 3255 convenit
904 3218 971 3272 quae
986 3196 1155 3283 conducibilis
1170 3197 1202 3251 sd
1220 3212 1364 3250 successum

265 3266 1364 3412 llll:titillantiffl’lllllffltt‘ti&inlidititur

265 3416 370 3464 urenae
387 3360 850 3481 delungendis,intentl'expectsbent
866 3410 972 3477 signum.
1006 3406 1064 3461 aliis
1083 3406 1149 3460 enim
1172 3420 1235 3457 cura
1256 3403 1361 3455 demun-

266 3480 327 3531 dnta
343 3486 384 3531 est
401 3480 586 3533 conscendendi
601 3480 656 3533 sine
672 3480 784 3549 strepltu
800 3478 878 3532 scalis
894 3476 1001 3531 admotis
1016 3492 1104 3544 muro,
1133 3490 1215 3545 eoque
1239 3479 1362 3542 superato

266 3564 332 3615 quos
356 3547 394 3600 ibi
422 3550 540 3603 custodes
565 3548 710 3618 reperirent
731 3565 843 3618 superne
858 3556 932 3601 extre
949 3543 1095 3607 deludendi,
1122 3561 1154 3599 ae
1170 3546 1271 3613 portatu
1287 3540 1328 3593 eui
1345 3557 1361 3594 s

263 3616 336 3669 fonte
353 3632 442 3669 numen
460 3626 500 3669 est
517 3618 703 3687 patefaciendi,
722 3617 811 3672 cuneis
826 3616 960 3685 impactis,
977 3614 1022 3667 nbi
1040 3614 1176 3667 obductam
1193 3612 1258 3664 ostia
1276 3626 1362 3661 mace-

262 3684 328 3736 riam
352 3684 424 3752 prius
448 3685 595 3739 diruissent.
630 3686 739 3740 Caesari
754 3703 816 3738 veru
833 3688 992 3737 rmervatum
1008 3684 1132 3735 excitatos
1151 3687 1198 3753 per
1216 3683 1316 3732 αοοτειο
1333 3681 1362 3729 et

263 3768 372 3823 pransos
388 3762 492 3821 paratos
509 3770 594 3807 secum
611 3756 715 3809 trahere
730 3754 838 3821 milites,
863 3769 928 3824 quos
944 3759 1087 3820 opportune
1102 3750 1252 3804 immitteret
1268 3756 1296 3798 et
1312 3760 1362 3815 per

262 3826 390 3943 tlt‘i'l
405 3820 575 3959 illitati
587 3824 665 3961 „liz
684 3825 850 3962 'mli-¹512
871 3821 1050 3943 dtinuit
1067 3813 1362 3941 ”multidini

261 3928 353 4013 idon‘eo
372 3976 403 4013 ac
419 3959 528 4012 solerter
544 3959 642 4013 delecto
658 3962 730 4026 loco,
746 3962 888 4015 medonem
904 3927 1056 4011 malturtel
1071 3973 1206 4020 summm,
1223 3969 1257 4005 ns
1273 3958 1361 4005 enmo-

262 4026 339 4081 dibus
364 4028 483 4081 indicium
501 4028 540 4081 sui
557 4028 663 4094 darent,
687 4039 714 4083 et
731 4046 807 4101 quam
822 4034 942 4081 venatum
958 4028 1030 4081 ibant
1045 4026 1167 4097 praedata
1191 4020 1302 4091 strepltu
1319 4021 1360 4073 ia-

261 4097 415 4165 tempestivo
435 4104 563 4151 terrerent
586 4106 747 4166 praemature
768 4103 959 4166 morerentque.
993 4096 1027 4149 ad
1043 4112 1118 4165 quam
1134 4091 1299 4147 sedulitatem
1314 4106 1361 4142 cs·

261 4166 339 4217 vendi
356 4168 532 4220 excitabantur
547 4166 720 4235 magnitudine
737 4166 833 4238 proprii
849 4164 972 4235 periculi,
992 4166 1082 4234 utique
1098 4162 1191 4234 qm‘bus
1208 4168 1281 4213 certa
1330 4173 1359 4209 r·

262 4232 341 4286 nicies
362 4236 538 4306 impendebat,
562 4236 585 4289 si
603 4236 816 4305 interciperentur
831 4234 932 4303 inipso
948 4234 1077 4286 molitione
1097 4227 1215 4284 insidiosi
1305 4234 1359 4279 tas.

262 4300 361 4355 Caeam
376 4322 453 4375 porro
470 4322 518 4376 per
533 4322 590 4360 eam
608 4308 709 4358 nomam
725 4304 833 4376 sumptis
856 4319 943 4359 moun
958 4302 1065 4372 Scythis
1080 4308 1109 4356 et
1127 4298 1227 4354 coactis
1240 4298 1298 4353 sliu
1312 4310 1358 4350 oo-
