<?xml version="1.0" encoding="UTF-8"?>
<!DOCTYPE html PUBLIC "-//W3C//DTD XHTML 1.0 Transitional//EN"
    "http://www.w3.org/TR/xhtml1/DTD/xhtml1-transitional.dtd">
<html xmlns="http://www.w3.org/1999/xhtml" xml:lang="en" lang="en">
 <head>
  <title>
</title>
<meta http-equiv="Content-Type" content="text/html;charset=utf-8" />
  <meta name='ocr-system' content='tesseract 3.04.00' />
  <meta name='ocr-capabilities' content='ocr_page ocr_carea ocr_par ocr_line ocrx_word'/>
</head>
<body>
  <div class='ocr_page' id='page_1' title='image "./corpusscriptoru27niebgoog/corpusscriptoru27niebgoog_0333.png"; bbox 0 0 3100 4850; ppageno 0'>
   <div class='ocr_carea' id='block_1_1' title="bbox 350 276 1310 383">
    <p class='ocr_par' dir='ltr' id='par_1_1' title="bbox 350 276 1310 383">
     <span class='ocr_line' id='line_1_1' title="bbox 350 276 1310 383; baseline 0.002 -2"><span class='ocrx_word' id='word_1_1' title='bbox 350 315 409 381; x_wconf 82' lang='lat' dir='ltr'>na</span> <span class='ocrx_word' id='word_1_2' title='bbox 433 310 643 381; x_wconf 82' lang='lat' dir='ltr'>nncnsnnn</span> <span class='ocrx_word' id='word_1_3' title='bbox 667 308 952 381; x_wconf 71' lang='lat' dir='ltr'>ammotooo</span> <span class='ocrx_word' id='word_1_4' title='bbox 977 312 1015 380; x_wconf 86' lang='lat' dir='ltr'>n.</span> <span class='ocrx_word' id='word_1_5' title='bbox 1033 310 1092 383; x_wconf 83' lang='lat' dir='ltr'>tv.</span> <span class='ocrx_word' id='word_1_6' title='bbox 1195 276 1310 383; x_wconf 69' lang='lat'><strong>315&#39;</strong></span> 
     </span>
    </p>
   </div>
   <div class='ocr_carea' id='block_1_2' title="bbox 21 476 1323 2019">
    <p class='ocr_par' dir='ltr' id='par_1_2' title="bbox 21 476 1323 2019">
     <span class='ocr_line' id='line_1_2' title="bbox 92 476 1273 571; baseline -0.004 -15"><span class='ocrx_word' id='word_1_7' title='bbox 92 522 94 529; x_wconf 52' lang='lat'><strong>⁴</strong></span> <span class='ocrx_word' id='word_1_8' title='bbox 170 476 324 563; x_wconf 71' lang='lat' dir='ltr'>aciodroc</span> <span class='ocrx_word' id='word_1_9' title='bbox 338 484 417 553; x_wconf 80' lang='grc' dir='ltr'><strong><em>ίδιον</em></strong></span> <span class='ocrx_word' id='word_1_10' title='bbox 436 486 539 569; x_wconf 76' lang='grc' dir='ltr'><strong><em>μεῖζον</em></strong></span> <span class='ocrx_word' id='word_1_11' title='bbox 552 488 610 553; x_wconf 75' lang='lat' dir='ltr'>eeu</span> <span class='ocrx_word' id='word_1_12' title='bbox 636 478 868 568; x_wconf 66' lang='grc' dir='ltr'>προλαβόντος·</span> <span class='ocrx_word' id='word_1_13' title='bbox 894 482 1144 567; x_wconf 72' lang='grc' dir='ltr'><strong><em>ἐιιΐνοςμίνγὰρ</em></strong></span> <span class='ocrx_word' id='word_1_14' title='bbox 1159 488 1199 571; x_wconf 77' lang='grc' dir='ltr'>τῇ</span> <span class='ocrx_word' id='word_1_15' title='bbox 1214 509 1273 567; x_wconf 80' lang='grc' dir='ltr'>με·</span> 
     </span>
     <span class='ocr_line' id='line_1_3' title="bbox 168 583 1323 677; baseline -0.005 -20"><span class='ocrx_word' id='word_1_16' title='bbox 168 590 294 657; x_wconf 65' lang='lat' dir='ltr'>suabe</span> <span class='ocrx_word' id='word_1_17' title='bbox 307 588 529 677; x_wconf 72' lang='grc' dir='ltr'><strong><em>προσέκρουον,</em></strong></span> <span class='ocrx_word' id='word_1_18' title='bbox 554 585 571 655; x_wconf 83' lang='grc' dir='ltr'><em>ὃ</em></span> <span class='ocrx_word' id='word_1_19' title='bbox 589 586 623 653; x_wconf 83' lang='lat' dir='ltr'>d&#39;</span> <span class='ocrx_word' id='word_1_20' title='bbox 636 587 753 673; x_wconf 77' lang='grc' dir='ltr'><strong><em>Ἰωσὴφ</em></strong></span> <span class='ocrx_word' id='word_1_21' title='bbox 764 593 811 676; x_wconf 80' lang='grc' dir='ltr'>τῷ</span> <span class='ocrx_word' id='word_1_22' title='bbox 825 584 888 652; x_wconf 75' lang='grc' dir='ltr'>ἀπὸ</span> <span class='ocrx_word' id='word_1_23' title='bbox 909 592 966 651; x_wconf 80' lang='grc' dir='ltr'>τοῦ</span> <span class='ocrx_word' id='word_1_24' title='bbox 984 583 1176 673; x_wconf 81' lang='grc' dir='ltr'><strong><em>πατριιίρχοο</em></strong></span> <span class='ocrx_word' id='word_1_25' title='bbox 1190 586 1273 673; x_wconf 76' lang='lat' dir='ltr'>dpu-</span> <span class='ocrx_word' id='word_1_26' title='bbox 1321 655 1323 658; x_wconf 71' lang='grc'><strong>,</strong></span> 
     </span>
     <span class='ocr_line' id='line_1_4' title="bbox 170 688 1274 783; baseline -0.004 -24"><span class='ocrx_word' id='word_1_27' title='bbox 170 693 289 783; x_wconf 80' lang='grc' dir='ltr'><strong><em>ρισμῷ,</em></strong></span> <span class='ocrx_word' id='word_1_28' title='bbox 315 693 352 760; x_wconf 82' lang='grc' dir='ltr'>ὃν</span> <span class='ocrx_word' id='word_1_29' title='bbox 374 691 557 779; x_wconf 71' lang='grc' dir='ltr'><strong><em>ἀφωρίσθαι</em></strong></span> <span class='ocrx_word' id='word_1_30' title='bbox 580 692 629 757; x_wconf 72' lang='lat' dir='ltr'>tul</span> <span class='ocrx_word' id='word_1_31' title='bbox 649 696 693 779; x_wconf 83' lang='grc' dir='ltr'>τῷ</span> <span class='ocrx_word' id='word_1_32' title='bbox 714 690 758 773; x_wconf 79' lang='grc' dir='ltr'>μὴ</span> <span class='ocrx_word' id='word_1_33' title='bbox 776 688 831 755; x_wconf 80' lang='grc' dir='ltr'>τὸν</span> <span class='ocrx_word' id='word_1_34' title='bbox 851 690 982 771; x_wconf 63' lang='lat' dir='ltr'>ductiles</span> <span class='ocrx_word' id='word_1_35' title='bbox 1006 691 1049 764; x_wconf 83' lang='grc' dir='ltr'>είς</span> <span class='ocrx_word' id='word_1_36' title='bbox 1068 690 1274 773; x_wconf 75' lang='grc' dir='ltr'><strong><em>πνευματικὴν</em></strong></span> 
     </span>
     <span class='ocr_line' id='line_1_5' title="bbox 169 788 1275 882; baseline -0.005 -19"><span class='ocrx_word' id='word_1_37' title='bbox 169 796 299 882; x_wconf 64' lang='lat' dir='ltr'>aliisquo</span> <span class='ocrx_word' id='word_1_38' title='bbox 315 795 471 879; x_wconf 69' lang='grc' dir='ltr'><strong><em>δίχεοθαι.</em></strong></span> <span class='ocrx_word' id='word_1_39' title='bbox 524 794 555 859; x_wconf 81' lang='lat' dir='ltr'>oi</span> <span class='ocrx_word' id='word_1_40' title='bbox 573 792 608 859; x_wconf 78' lang='grc' dir='ltr'>δ’</span> <span class='ocrx_word' id='word_1_41' title='bbox 633 796 682 859; x_wconf 72' lang='lat' dir='ltr'>lul</span> <span class='ocrx_word' id='word_1_42' title='bbox 700 800 756 876; x_wconf 76' lang='grc' dir='ltr'>τῆς</span> <span class='ocrx_word' id='word_1_43' title='bbox 778 798 836 859; x_wconf 76' lang='grc' dir='ltr'>τοῦ</span> <span class='ocrx_word' id='word_1_44' title='bbox 859 788 1086 859; x_wconf 62' lang='lat' dir='ltr'>tranantem</span> <span class='ocrx_word' id='word_1_45' title='bbox 1102 799 1202 875; x_wconf 79' lang='grc' dir='ltr'><strong><em>μονῆς</em></strong></span> <span class='ocrx_word' id='word_1_46' title='bbox 1213 818 1275 873; x_wconf 81' lang='grc' dir='ltr'>μο-</span> 
     </span>
     <span class='ocr_line' id='line_1_6' title="bbox 146 892 1274 985; baseline -0.003 -22"><span class='ocrx_word' id='word_1_47' title='bbox 146 903 258 985; x_wconf 61' lang='lat' dir='ltr'>isogal</span> <span class='ocrx_word' id='word_1_48' title='bbox 279 901 330 973; x_wconf 75' lang='lat' dir='ltr'>aul</span> <span class='ocrx_word' id='word_1_49' title='bbox 355 893 555 985; x_wconf 73' lang='grc' dir='ltr'><strong><em>ἀπιθάρροον</em></strong></span> <span class='ocrx_word' id='word_1_50' title='bbox 580 898 632 963; x_wconf 75' lang='grc' dir='ltr'>καί</span> <span class='ocrx_word' id='word_1_51' title='bbox 656 892 999 982; x_wconf 72' lang='grc' dir='ltr'><strong><em>παρρησιαστικώτερον</em></strong></span> <span class='ocrx_word' id='word_1_52' title='bbox 1028 894 1178 977; x_wconf 61' lang='grc' dir='ltr'><strong><em>ἔβαλλον,</em></strong></span> <span class='ocrx_word' id='word_1_53' title='bbox 1207 892 1274 975; x_wconf 74' lang='grc' dir='ltr'>ἅμα</span> 
     </span>
     <span class='ocr_line' id='line_1_7' title="bbox 168 997 1273 1087; baseline -0.008 -16"><span class='ocrx_word' id='word_1_54' title='bbox 168 1007 225 1087; x_wconf 72' lang='grc' dir='ltr'>μίν</span> <span class='ocrx_word' id='word_1_55' title='bbox 244 1000 288 1079; x_wconf 77' lang='grc' dir='ltr'>ὥς</span> <span class='ocrx_word' id='word_1_56' title='bbox 309 999 470 1087; x_wconf 75' lang='grc' dir='ltr'><strong><em>ίαιβὴτορι</em></strong></span> <span class='ocrx_word' id='word_1_57' title='bbox 493 998 559 1083; x_wconf 74' lang='grc' dir='ltr'>ἅμα</span> <span class='ocrx_word' id='word_1_58' title='bbox 574 1000 609 1065; x_wconf 76' lang='grc' dir='ltr'>δὲ</span> <span class='ocrx_word' id='word_1_59' title='bbox 625 1002 676 1065; x_wconf 78' lang='grc' dir='ltr'>καί</span> <span class='ocrx_word' id='word_1_60' title='bbox 689 997 732 1077; x_wconf 82' lang='grc' dir='ltr'>ὥς</span> <span class='ocrx_word' id='word_1_61' title='bbox 751 1000 958 1086; x_wconf 77' lang='grc' dir='ltr'><strong><em>ἄφαρισμίνῳ</em></strong></span> <span class='ocrx_word' id='word_1_62' title='bbox 974 1004 1019 1087; x_wconf 75' lang='grc' dir='ltr'>τῷ</span> <span class='ocrx_word' id='word_1_63' title='bbox 1032 1003 1273 1085; x_wconf 59' lang='lat' dir='ltr'>impraegnans</span> 
     </span>
     <span class='ocr_line' id='line_1_8' title="bbox 168 1101 1312 1191; baseline -0.008 -18"><span class='ocrx_word' id='word_1_64' title='bbox 168 1108 336 1191; x_wconf 79' lang='grc' dir='ltr'><strong><em>ίπίχοντις.</em></strong></span> <span class='ocrx_word' id='word_1_65' title='bbox 391 1106 534 1171; x_wconf 70' lang='grc' dir='ltr'>ἐντεῦθεν</span> <span class='ocrx_word' id='word_1_66' title='bbox 557 1102 616 1191; x_wconf 74' lang='grc' dir='ltr'>γὰρ</span> <span class='ocrx_word' id='word_1_67' title='bbox 643 1106 695 1169; x_wconf 73' lang='grc' dir='ltr'>καί</span> <span class='ocrx_word' id='word_1_68' title='bbox 714 1103 795 1189; x_wconf 74' lang='grc' dir='ltr'><strong><em>μίγα</em></strong></span> <span class='ocrx_word' id='word_1_69' title='bbox 821 1127 853 1169; x_wconf 86' lang='grc' dir='ltr'><strong><em>τι</em></strong></span> <span class='ocrx_word' id='word_1_70' title='bbox 876 1103 1123 1187; x_wconf 74' lang='grc' dir='ltr'><strong><em>σονιλογίζοντο,</em></strong></span> <span class='ocrx_word' id='word_1_71' title='bbox 1160 1101 1198 1168; x_wconf 82' lang='lat' dir='ltr'>sd</span> <span class='ocrx_word' id='word_1_72' title='bbox 1218 1102 1271 1167; x_wconf 78' lang='lat' dir='ltr'>uui</span> <span class='ocrx_word' id='word_1_73' title='bbox 1286 1111 1312 1165; x_wconf 82' lang='lat' dir='ltr'>ll</span> 
     </span>
     <span class='ocr_line' id='line_1_9' title="bbox 168 1200 1276 1291; baseline -0.007 -16"><span class='ocrx_word' id='word_1_74' title='bbox 168 1207 251 1275; x_wconf 69' lang='lat' dir='ltr'>talen</span> <span class='ocrx_word' id='word_1_75' title='bbox 272 1206 391 1287; x_wconf 76' lang='grc' dir='ltr'><strong><em>ἅλοιτο,</em></strong></span> <span class='ocrx_word' id='word_1_76' title='bbox 418 1209 606 1290; x_wconf 70' lang='lat' dir='ltr'>scintiliae</span> <span class='ocrx_word' id='word_1_77' title='bbox 633 1208 676 1283; x_wconf 75' lang='grc' dir='ltr'>εἰς</span> <span class='ocrx_word' id='word_1_78' title='bbox 697 1217 792 1291; x_wconf 78' lang='grc' dir='ltr'><strong><em>κρῖμα</em></strong></span> <span class='ocrx_word' id='word_1_79' title='bbox 811 1208 862 1271; x_wconf 83' lang='grc' dir='ltr'>καί</span> <span class='ocrx_word' id='word_1_80' title='bbox 878 1208 921 1281; x_wconf 73' lang='grc' dir='ltr'>είς</span> <span class='ocrx_word' id='word_1_81' title='bbox 935 1206 1092 1285; x_wconf 69' lang='grc' dir='ltr'><strong><em>ἐπίτασιν,</em></strong></span> <span class='ocrx_word' id='word_1_82' title='bbox 1120 1203 1178 1288; x_wconf 66' lang='grc' dir='ltr'>οὐχ</span> <span class='ocrx_word' id='word_1_83' title='bbox 1192 1200 1276 1283; x_wconf 76' lang='grc' dir='ltr'><strong><em>ὅπως</em></strong></span> 
     </span>
     <span class='ocr_line' id='line_1_10' title="bbox 170 1304 1275 1395; baseline -0.005 -17"><span class='ocrx_word' id='word_1_84' title='bbox 170 1308 349 1395; x_wconf 75' lang='grc' dir='ltr'><strong><em>ἅμετὸχοις,</em></strong></span> <span class='ocrx_word' id='word_1_85' title='bbox 377 1310 457 1375; x_wconf 78' lang='lat' dir='ltr'>oillei</span> <span class='ocrx_word' id='word_1_86' title='bbox 475 1312 526 1375; x_wconf 82' lang='grc' dir='ltr'>καί</span> <span class='ocrx_word' id='word_1_87' title='bbox 538 1319 603 1385; x_wconf 77' lang='grc' dir='ltr'><strong><em>τοῖς</em></strong></span> <span class='ocrx_word' id='word_1_88' title='bbox 618 1308 725 1385; x_wconf 74' lang='grc' dir='ltr'><strong><em>αὐτοῖς</em></strong></span> <span class='ocrx_word' id='word_1_89' title='bbox 740 1306 915 1393; x_wconf 83' lang='grc' dir='ltr'><strong><em>ίνιχόμινον</em></strong></span> <span class='ocrx_word' id='word_1_90' title='bbox 927 1308 982 1375; x_wconf 78' lang='grc' dir='ltr'>τὸν</span> <span class='ocrx_word' id='word_1_91' title='bbox 998 1304 1124 1374; x_wconf 70' lang='grc' dir='ltr'><strong><em>λύοντα.</em></strong></span> <span class='ocrx_word' id='word_1_92' title='bbox 1157 1307 1275 1391; x_wconf 72' lang='grc' dir='ltr'><strong><em>πολλὴν</em></strong></span> 
     </span>
     <span class='ocr_line' id='line_1_11' title="bbox 21 1408 1275 1501; baseline -0.004 -19"><span class='ocrx_word' id='word_1_93' title='bbox 21 1486 23 1501; x_wconf 55' lang='lat'>‚</span> <span class='ocrx_word' id='word_1_94' title='bbox 130 1418 209 1491; x_wconf 78' lang='grc' dir='ltr'>10,ίέ</span> <span class='ocrx_word' id='word_1_95' title='bbox 232 1416 283 1480; x_wconf 83' lang='grc' dir='ltr'>καί</span> <span class='ocrx_word' id='word_1_96' title='bbox 305 1415 363 1497; x_wconf 77' lang='grc' dir='ltr'>τὴν</span> <span class='ocrx_word' id='word_1_97' title='bbox 386 1414 418 1479; x_wconf 81' lang='grc' dir='ltr'>ίιι</span> <span class='ocrx_word' id='word_1_98' title='bbox 441 1410 539 1499; x_wconf 72' lang='grc' dir='ltr'><strong><em>λόγων</em></strong></span> <span class='ocrx_word' id='word_1_99' title='bbox 569 1414 719 1500; x_wconf 77' lang='grc' dir='ltr'><strong><em>ίπιφίριιν</em></strong></span> <span class='ocrx_word' id='word_1_100' title='bbox 745 1408 942 1496; x_wconf 76' lang='grc' dir='ltr'><strong><em>πιθανότητα</em></strong></span> <span class='ocrx_word' id='word_1_101' title='bbox 968 1409 1034 1495; x_wconf 76' lang='grc' dir='ltr'>ἅμα</span> <span class='ocrx_word' id='word_1_102' title='bbox 1058 1412 1115 1492; x_wconf 80' lang='grc' dir='ltr'>μίν</span> <span class='ocrx_word' id='word_1_103' title='bbox 1145 1418 1190 1500; x_wconf 74' lang='grc' dir='ltr'>τῷ</span> <span class='ocrx_word' id='word_1_104' title='bbox 1211 1416 1275 1477; x_wconf 76' lang='grc' dir='ltr'>τῶν</span> 
     </span>
     <span class='ocr_line' id='line_1_12' title="bbox 170 1514 1314 1606; baseline -0.005 -21"><span class='ocrx_word' id='word_1_105' title='bbox 170 1515 347 1603; x_wconf 80' lang='grc' dir='ltr'><strong><em>προσώπων</em></strong></span> <span class='ocrx_word' id='word_1_106' title='bbox 368 1524 458 1605; x_wconf 85' lang='grc' dir='ltr'><strong><em>σφῶν</em></strong></span> <span class='ocrx_word' id='word_1_107' title='bbox 477 1518 653 1606; x_wconf 76' lang='grc' dir='ltr'><strong><em>σεβασμίρι,</em></strong></span> <span class='ocrx_word' id='word_1_108' title='bbox 680 1514 747 1598; x_wconf 75' lang='grc' dir='ltr'>ἅμα</span> <span class='ocrx_word' id='word_1_109' title='bbox 772 1516 807 1581; x_wconf 69' lang='grc' dir='ltr'>δὲ</span> <span class='ocrx_word' id='word_1_110' title='bbox 834 1518 886 1581; x_wconf 80' lang='grc' dir='ltr'>καί</span> <span class='ocrx_word' id='word_1_111' title='bbox 906 1521 951 1604; x_wconf 79' lang='grc' dir='ltr'>τῷ</span> <span class='ocrx_word' id='word_1_112' title='bbox 971 1518 1122 1598; x_wconf 81' lang='grc' dir='ltr'><strong><em>σοζηλοῦν</em></strong></span> <span class='ocrx_word' id='word_1_113' title='bbox 1150 1515 1314 1591; x_wconf 75' lang='grc' dir='ltr'><strong><em>ίιαίνοιςΕ</em></strong></span> 
     </span>
     <span class='ocr_line' id='line_1_13' title="bbox 172 1608 1277 1710; baseline -0.003 -24"><span class='ocrx_word' id='word_1_114' title='bbox 172 1618 251 1710; x_wconf 72' lang='grc' dir='ltr'><strong><em>ὕπὲρ</em></strong></span> <span class='ocrx_word' id='word_1_115' title='bbox 265 1628 320 1688; x_wconf 79' lang='grc' dir='ltr'>τοῦ</span> <span class='ocrx_word' id='word_1_116' title='bbox 339 1608 531 1707; x_wconf 80' lang='grc' dir='ltr'><strong><em>πατριάρχου</em></strong></span> <span class='ocrx_word' id='word_1_117' title='bbox 556 1620 611 1685; x_wconf 80' lang='grc' dir='ltr'>τὸν</span> <span class='ocrx_word' id='word_1_118' title='bbox 627 1616 760 1704; x_wconf 77' lang='grc' dir='ltr'><strong><em>Ἰωσήφ,</em></strong></span> <span class='ocrx_word' id='word_1_119' title='bbox 790 1619 827 1687; x_wconf 79' lang='grc' dir='ltr'>ὃν</span> <span class='ocrx_word' id='word_1_120' title='bbox 846 1620 897 1684; x_wconf 85' lang='grc' dir='ltr'>καί</span> <span class='ocrx_word' id='word_1_121' title='bbox 913 1616 956 1694; x_wconf 83' lang='grc' dir='ltr'>ὦς</span> <span class='ocrx_word' id='word_1_122' title='bbox 973 1614 1128 1701; x_wconf 69' lang='grc' dir='ltr'><strong><em>ὄστρακον</em></strong></span> <span class='ocrx_word' id='word_1_123' title='bbox 1142 1642 1277 1699; x_wconf 71' lang='lat' dir='ltr'>percue-</span> 
     </span>
     <span class='ocr_line' id='line_1_14' title="bbox 172 1716 1277 1810; baseline -0.005 -19"><span class='ocrx_word' id='word_1_124' title='bbox 172 1722 284 1802; x_wconf 82' lang='grc' dir='ltr'><strong><em>σίντος</em></strong></span> <span class='ocrx_word' id='word_1_125' title='bbox 307 1726 355 1790; x_wconf 75' lang='grc' dir='ltr'>ἐπί</span> <span class='ocrx_word' id='word_1_126' title='bbox 373 1730 429 1790; x_wconf 81' lang='grc' dir='ltr'>τοῦ</span> <span class='ocrx_word' id='word_1_127' title='bbox 449 1728 674 1810; x_wconf 81' lang='grc' dir='ltr'><strong><em>πατριαρχιιιοῦ</em></strong></span> <span class='ocrx_word' id='word_1_128' title='bbox 689 1718 808 1809; x_wconf 79' lang='grc' dir='ltr'><strong><em>θρόνον</em></strong></span> <span class='ocrx_word' id='word_1_129' title='bbox 832 1718 1149 1805; x_wconf 70' lang='grc' dir='ltr'><strong><em>ἧνοοονίφιζιίνοντα.</em></strong></span> <span class='ocrx_word' id='word_1_130' title='bbox 1201 1716 1277 1786; x_wconf 80' lang='lat' dir='ltr'>roei·</span> 
     </span>
     <span class='ocr_line' id='line_1_15' title="bbox 172 1822 1278 1912; baseline -0.004 -20"><span class='ocrx_word' id='word_1_131' title='bbox 172 1852 249 1905; x_wconf 87' lang='grc' dir='ltr'><strong><em>τοος</em></strong></span> <span class='ocrx_word' id='word_1_132' title='bbox 261 1830 328 1912; x_wconf 72' lang='grc' dir='ltr'>περὶ</span> <span class='ocrx_word' id='word_1_133' title='bbox 347 1829 491 1893; x_wconf 79' lang='grc' dir='ltr'><strong><em>πλείστου</em></strong></span> <span class='ocrx_word' id='word_1_134' title='bbox 509 1822 692 1908; x_wconf 71' lang='grc' dir='ltr'><strong><em>ποιούμενος</em></strong></span> <span class='ocrx_word' id='word_1_135' title='bbox 704 1824 724 1908; x_wconf 83' lang='grc' dir='ltr'>ἢ</span> <span class='ocrx_word' id='word_1_136' title='bbox 740 1828 858 1891; x_wconf 74' lang='grc' dir='ltr'><strong><em>πείθειν</em></strong></span> <span class='ocrx_word' id='word_1_137' title='bbox 872 1823 892 1908; x_wconf 81' lang='grc' dir='ltr'>ἢ</span> <span class='ocrx_word' id='word_1_138' title='bbox 909 1834 1004 1891; x_wconf 77' lang='grc' dir='ltr'><strong><em>ποιεῖν</em></strong></span> <span class='ocrx_word' id='word_1_139' title='bbox 1018 1824 1154 1888; x_wconf 70' lang='lat' dir='ltr'>tenueris</span> <span class='ocrx_word' id='word_1_140' title='bbox 1167 1823 1278 1906; x_wconf 76' lang='grc' dir='ltr'><strong><em>(ὀξεῖαι</em></strong></span> 
     </span>
     <span class='ocr_line' id='line_1_16' title="bbox 134 1922 1279 2019; baseline -0.006 -21"><span class='ocrx_word' id='word_1_141' title='bbox 134 1932 233 2019; x_wconf 75' lang='lat' dir='ltr'>1⁵de</span> <span class='ocrx_word' id='word_1_142' title='bbox 248 1931 350 2007; x_wconf 75' lang='grc' dir='ltr'><strong><em>αἰκίὸις</em></strong></span> <span class='ocrx_word' id='word_1_143' title='bbox 369 1929 449 1997; x_wconf 73' lang='grc' dir='ltr'><strong><em>κατὰ</em></strong></span> <span class='ocrx_word' id='word_1_144' title='bbox 464 1928 570 2014; x_wconf 76' lang='grc' dir='ltr'><strong><em>ψυχὴν</em></strong></span> <span class='ocrx_word' id='word_1_145' title='bbox 586 1928 863 2013; x_wconf 63' lang='lat' dir='ltr'>clamoremanus</span> <span class='ocrx_word' id='word_1_146' title='bbox 876 1927 907 1994; x_wconf 85' lang='lat' dir='ltr'>oi</span> <span class='ocrx_word' id='word_1_147' title='bbox 919 1923 1048 2012; x_wconf 68' lang='lat' dir='ltr'>iieypgos)</span> <span class='ocrx_word' id='word_1_148' title='bbox 1070 1922 1279 2013; x_wconf 77' lang='grc' dir='ltr'><strong><em>εὐπροσώποις</em></strong></span> 
     </span>
    </p>
   </div>
   <div class='ocr_carea' id='block_1_3' title="bbox 244 2068 829 2145">
    <p class='ocr_par' dir='ltr' id='par_1_3' title="bbox 244 2068 829 2145">
     <span class='ocr_line' id='line_1_17' title="bbox 244 2068 829 2145; baseline -0.005 -15"><span class='ocrx_word' id='word_1_149' title='bbox 244 2076 270 2129; x_wconf 86' lang='grc'>6.</span> <span class='ocrx_word' id='word_1_150' title='bbox 286 2072 359 2145; x_wconf 72' lang='grc' dir='ltr'>μὲν]</span> <span class='ocrx_word' id='word_1_151' title='bbox 377 2070 425 2128; x_wconf 84' lang='lat' dir='ltr'>sai</span> <span class='ocrx_word' id='word_1_152' title='bbox 442 2070 475 2129; x_wconf 80' lang='lat' dir='ltr'>P.</span> <span class='ocrx_word' id='word_1_153' title='bbox 576 2072 603 2128; x_wconf 86' lang='lat'>9.</span> <span class='ocrx_word' id='word_1_154' title='bbox 620 2068 781 2142; x_wconf 77' lang='grc' dir='ltr'><strong><em>ίνεχὸμινοι</em></strong></span> <span class='ocrx_word' id='word_1_155' title='bbox 795 2070 829 2127; x_wconf 84' lang='grc' dir='ltr'>Ρ.</span> 
     </span>
    </p>
   </div>
   <div class='ocr_carea' id='block_1_4' title="bbox 172 2205 1291 4358">
    <p class='ocr_par' dir='ltr' id='par_1_4' title="bbox 172 2205 1291 4358">
     <span class='ocr_line' id='line_1_18' title="bbox 172 2205 1280 2281; baseline -0.005 -15"><span class='ocrx_word' id='word_1_156' title='bbox 172 2210 285 2281; x_wconf 85' lang='lat' dir='ltr'>losepbo</span> <span class='ocrx_word' id='word_1_157' title='bbox 301 2211 423 2281; x_wconf 82' lang='lat' dir='ltr'><strong>probrum</strong></span> <span class='ocrx_word' id='word_1_158' title='bbox 439 2208 478 2263; x_wconf 90' lang='lat' dir='ltr'>illi</span> <span class='ocrx_word' id='word_1_159' title='bbox 494 2208 539 2263; x_wconf 93' lang='lat' dir='ltr'>uni</span> <span class='ocrx_word' id='word_1_160' title='bbox 557 2209 709 2265; x_wconf 84' lang='lat' dir='ltr'>conveniens</span> <span class='ocrx_word' id='word_1_161' title='bbox 726 2208 845 2281; x_wconf 77' lang='lat' dir='ltr'>idemque</span> <span class='ocrx_word' id='word_1_162' title='bbox 861 2208 916 2262; x_wconf 85' lang='lat' dir='ltr'>late</span> <span class='ocrx_word' id='word_1_163' title='bbox 933 2207 1107 2273; x_wconf 76' lang='lat' dir='ltr'>diffamatum,</span> <span class='ocrx_word' id='word_1_164' title='bbox 1123 2205 1191 2277; x_wconf 83' lang='lat' dir='ltr'>quod</span> <span class='ocrx_word' id='word_1_165' title='bbox 1208 2206 1280 2261; x_wconf 80' lang='lat' dir='ltr'>illum</span> 
     </span>
     <span class='ocr_line' id='line_1_19' title="bbox 172 2275 1281 2346; baseline -0.007 -9"><span class='ocrx_word' id='word_1_166' title='bbox 172 2281 280 2337; x_wconf 89' lang='lat' dir='ltr'>aiebant</span> <span class='ocrx_word' id='word_1_167' title='bbox 294 2280 321 2333; x_wconf 88' lang='lat' dir='ltr'>ln</span> <span class='ocrx_word' id='word_1_168' title='bbox 339 2278 627 2340; x_wconf 84' lang='lat' dir='ltr'>excommunicationem·</span> <span class='ocrx_word' id='word_1_169' title='bbox 638 2280 785 2346; x_wconf 86' lang='lat' dir='ltr'>incurrisse,</span> <span class='ocrx_word' id='word_1_170' title='bbox 800 2280 848 2332; x_wconf 89' lang='lat' dir='ltr'>sub</span> <span class='ocrx_word' id='word_1_171' title='bbox 865 2278 937 2331; x_wconf 87' lang='lat' dir='ltr'>cuius</span> <span class='ocrx_word' id='word_1_172' title='bbox 951 2275 1157 2346; x_wconf 83' lang='lat' dir='ltr'>interminatione</span> <span class='ocrx_word' id='word_1_173' title='bbox 1171 2275 1281 2330; x_wconf 80' lang='lat' dir='ltr'>vetitum</span> 
     </span>
     <span class='ocr_line' id='line_1_20' title="bbox 173 2344 1281 2419; baseline -0.005 -16"><span class='ocrx_word' id='word_1_174' title='bbox 173 2350 198 2403; x_wconf 93' lang='lat' dir='ltr'>ei</span> <span class='ocrx_word' id='word_1_175' title='bbox 217 2350 277 2403; x_wconf 88' lang='lat' dir='ltr'>olim</span> <span class='ocrx_word' id='word_1_176' title='bbox 293 2368 309 2402; x_wconf 88' lang='lat' dir='ltr'>a</span> <span class='ocrx_word' id='word_1_177' title='bbox 325 2349 474 2419; x_wconf 86' lang='lat' dir='ltr'>patriarcba</span> <span class='ocrx_word' id='word_1_178' title='bbox 491 2349 584 2402; x_wconf 85' lang='lat' dir='ltr'>luisset</span> <span class='ocrx_word' id='word_1_179' title='bbox 606 2349 702 2402; x_wconf 89' lang='lat' dir='ltr'>babere</span> <span class='ocrx_word' id='word_1_180' title='bbox 722 2349 846 2417; x_wconf 84' lang='lat' dir='ltr'>deinceps</span> <span class='ocrx_word' id='word_1_181' title='bbox 867 2347 1047 2416; x_wconf 86' lang='lat' dir='ltr'>imperatorem</span> <span class='ocrx_word' id='word_1_182' title='bbox 1064 2347 1121 2399; x_wconf 89' lang='lat' dir='ltr'>loco</span> <span class='ocrx_word' id='word_1_183' title='bbox 1140 2344 1281 2415; x_wconf 75' lang='lat' dir='ltr'>spiritusl‘u</span> 
     </span>
     <span class='ocr_line' id='line_1_21' title="bbox 172 2414 1282 2488; baseline -0.007 -13"><span class='ocrx_word' id='word_1_184' title='bbox 172 2418 223 2475; x_wconf 84' lang='lat' dir='ltr'>filii</span> <span class='ocrx_word' id='word_1_185' title='bbox 240 2426 268 2473; x_wconf 88' lang='lat' dir='ltr'>et</span> <span class='ocrx_word' id='word_1_186' title='bbox 282 2416 350 2472; x_wconf 87' lang='lat' dir='ltr'>illins</span> <span class='ocrx_word' id='word_1_187' title='bbox 368 2418 555 2483; x_wconf 87' lang='lat' dir='ltr'>conlessioues,</span> <span class='ocrx_word' id='word_1_188' title='bbox 577 2425 608 2471; x_wconf 87' lang='lat' dir='ltr'>ut</span> <span class='ocrx_word' id='word_1_189' title='bbox 630 2427 706 2472; x_wconf 87' lang='lat' dir='ltr'>antee</span> <span class='ocrx_word' id='word_1_190' title='bbox 732 2425 922 2482; x_wconf 80' lang='lat' dir='ltr'>consueverat,</span> <span class='ocrx_word' id='word_1_191' title='bbox 946 2416 973 2469; x_wconf 94' lang='lat' dir='ltr'>in</span> <span class='ocrx_word' id='word_1_192' title='bbox 996 2425 1127 2488; x_wconf 77' lang='lat' dir='ltr'>posterum</span> <span class='ocrx_word' id='word_1_193' title='bbox 1152 2414 1282 2485; x_wconf 87' lang='lat' dir='ltr'>accipere,</span> 
     </span>
     <span class='ocr_line' id='line_1_22' title="bbox 172 2483 1284 2560; baseline -0.007 -17"><span class='ocrx_word' id='word_1_194' title='bbox 172 2487 244 2560; x_wconf 88' lang='lat' dir='ltr'>quod</span> <span class='ocrx_word' id='word_1_195' title='bbox 261 2489 349 2541; x_wconf 85' lang='lat' dir='ltr'>iacere</span> <span class='ocrx_word' id='word_1_196' title='bbox 365 2496 451 2541; x_wconf 87' lang='lat' dir='ltr'>tamen</span> <span class='ocrx_word' id='word_1_197' title='bbox 469 2487 636 2559; x_wconf 71' lang='lat' dir='ltr'>perrexisset.</span> <span class='ocrx_word' id='word_1_198' title='bbox 671 2495 750 2558; x_wconf 86' lang='lat' dir='ltr'>atque</span> <span class='ocrx_word' id='word_1_199' title='bbox 774 2489 826 2540; x_wconf 88' lang='lat' dir='ltr'>boc</span> <span class='ocrx_word' id='word_1_200' title='bbox 841 2492 951 2556; x_wconf 62' lang='lat' dir='ltr'>unoque</span> <span class='ocrx_word' id='word_1_201' title='bbox 972 2487 1071 2538; x_wconf 86' lang='lat' dir='ltr'>uomina</span> <span class='ocrx_word' id='word_1_202' title='bbox 1088 2491 1141 2538; x_wconf 90' lang='lat' dir='ltr'>tum</span> <span class='ocrx_word' id='word_1_203' title='bbox 1157 2483 1284 2536; x_wconf 74' lang='lat' dir='ltr'>invasoris</span> 
     </span>
     <span class='ocr_line' id='line_1_23' title="bbox 172 2551 1284 2623; baseline -0.006 -11"><span class='ocrx_word' id='word_1_204' title='bbox 172 2559 199 2612; x_wconf 92' lang='lat' dir='ltr'>in</span> <span class='ocrx_word' id='word_1_205' title='bbox 217 2555 275 2612; x_wconf 86' lang='lat' dir='ltr'>veri</span> <span class='ocrx_word' id='word_1_206' title='bbox 291 2556 416 2610; x_wconf 87' lang='lat' dir='ltr'>antistitis</span> <span class='ocrx_word' id='word_1_207' title='bbox 432 2557 543 2610; x_wconf 80' lang='lat' dir='ltr'>uirentis</span> <span class='ocrx_word' id='word_1_208' title='bbox 560 2556 657 2623; x_wconf 89' lang='lat' dir='ltr'>locum,</span> <span class='ocrx_word' id='word_1_209' title='bbox 685 2562 776 2610; x_wconf 89' lang='lat' dir='ltr'>contra</span> <span class='ocrx_word' id='word_1_210' title='bbox 799 2557 840 2608; x_wconf 85' lang='lat' dir='ltr'>ias</span> <span class='ocrx_word' id='word_1_211' title='bbox 862 2555 970 2621; x_wconf 88' lang='lat' dir='ltr'>intrusi,</span> <span class='ocrx_word' id='word_1_212' title='bbox 992 2561 1047 2608; x_wconf 86' lang='lat' dir='ltr'>tom</span> <span class='ocrx_word' id='word_1_213' title='bbox 1073 2551 1284 2607; x_wconf 82' lang='lat' dir='ltr'>excommunicati</span> 
     </span>
     <span class='ocr_line' id='line_1_24' title="bbox 172 2623 1282 2712; baseline -0.006 -31"><span class='ocrx_word' id='word_1_214' title='bbox 172 2633 282 2712; x_wconf 85' lang='lat' dir='ltr'>propter</span> <span class='ocrx_word' id='word_1_215' title='bbox 298 2626 435 2680; x_wconf 86' lang='lat' dir='ltr'>conscitam</span> <span class='ocrx_word' id='word_1_216' title='bbox 453 2629 562 2696; x_wconf 81' lang='lat' dir='ltr'>culpem,</span> <span class='ocrx_word' id='word_1_217' title='bbox 579 2627 650 2679; x_wconf 88' lang='lat' dir='ltr'>cuins</span> <span class='ocrx_word' id='word_1_218' title='bbox 669 2625 836 2696; x_wconf 70' lang='lat' dir='ltr'><strong>prohibitioni</strong></span> <span class='ocrx_word' id='word_1_219' title='bbox 851 2625 939 2678; x_wconf 85' lang='lat' dir='ltr'>iuerat</span> <span class='ocrx_word' id='word_1_220' title='bbox 954 2624 1123 2678; x_wconf 77' lang='lat' dir='ltr'>mathematis</span> <span class='ocrx_word' id='word_1_221' title='bbox 1138 2624 1148 2677; x_wconf 90' lang='lat' dir='ltr'>i</span> <span class='ocrx_word' id='word_1_222' title='bbox 1165 2639 1195 2675; x_wconf 89' lang='lat' dir='ltr'>so</span> <span class='ocrx_word' id='word_1_223' title='bbox 1212 2623 1282 2675; x_wconf 83' lang='lat' dir='ltr'>iacto</span> 
     </span>
     <span class='ocr_line' id='line_1_25' title="bbox 172 2641 1283 2766; baseline -0.007 -16"><span class='ocrx_word' id='word_1_224' title='bbox 172 2695 323 2750; x_wconf 75' lang='lat' dir='ltr'>incurrendi</span> <span class='ocrx_word' id='word_1_225' title='bbox 341 2694 498 2748; x_wconf 91' lang='lat' dir='ltr'>denuntiatio</span> <span class='ocrx_word' id='word_1_226' title='bbox 515 2711 630 2760; x_wconf 88' lang='lat' dir='ltr'>annexa,</span> <span class='ocrx_word' id='word_1_227' title='bbox 647 2695 833 2766; x_wconf 84' lang='lat' dir='ltr'>Pantepopteul</span> <span class='ocrx_word' id='word_1_228' title='bbox 852 2695 1005 2765; x_wconf 87' lang='lat' dir='ltr'>praesertim</span> <span class='ocrx_word' id='word_1_229' title='bbox 1020 2693 1135 2747; x_wconf 88' lang='lat' dir='ltr'>munacbi</span> <span class='ocrx_word' id='word_1_230' title='bbox 1149 2641 1283 2745; x_wconf 75' lang='lat' dir='ltr'>iiberrime</span> 
     </span>
     <span class='ocr_line' id='line_1_26' title="bbox 173 2759 1283 2836; baseline -0.007 -15"><span class='ocrx_word' id='word_1_231' title='bbox 173 2763 396 2836; x_wconf 84' lang='lat' dir='ltr'>audacissimeque</span> <span class='ocrx_word' id='word_1_232' title='bbox 418 2765 527 2818; x_wconf 88' lang='lat' dir='ltr'>omniurn</span> <span class='ocrx_word' id='word_1_233' title='bbox 549 2764 684 2835; x_wconf 89' lang='lat' dir='ltr'>losepbum</span> <span class='ocrx_word' id='word_1_234' title='bbox 713 2764 897 2833; x_wconf 73' lang='lat' dir='ltr'>exagitabant,</span> <span class='ocrx_word' id='word_1_235' title='bbox 920 2765 1028 2817; x_wconf 86' lang='lat' dir='ltr'>alteram</span> <span class='ocrx_word' id='word_1_236' title='bbox 1044 2763 1072 2816; x_wconf 90' lang='lat' dir='ltr'>in</span> <span class='ocrx_word' id='word_1_237' title='bbox 1089 2761 1178 2834; x_wconf 85' lang='lat' dir='ltr'>primis</span> <span class='ocrx_word' id='word_1_238' title='bbox 1195 2759 1283 2813; x_wconf 83' lang='lat' dir='ltr'>crimi-</span> 
     </span>
     <span class='ocr_line' id='line_1_27' title="bbox 174 2829 1282 2904; baseline -0.007 -16"><span class='ocrx_word' id='word_1_239' title='bbox 174 2833 308 2888; x_wconf 87' lang='lat' dir='ltr'>nationem</span> <span class='ocrx_word' id='word_1_240' title='bbox 332 2835 497 2887; x_wconf 82' lang='lat' dir='ltr'>vehementer</span> <span class='ocrx_word' id='word_1_241' title='bbox 527 2839 733 2904; x_wconf 71' lang='lat' dir='ltr'>exaggerentes,</span> <span class='ocrx_word' id='word_1_242' title='bbox 762 2833 870 2904; x_wconf 88' lang='lat' dir='ltr'>eiusque</span> <span class='ocrx_word' id='word_1_243' title='bbox 890 2831 1068 2902; x_wconf 74' lang='lat' dir='ltr'>indignitatem</span> <span class='ocrx_word' id='word_1_244' title='bbox 1092 2829 1282 2900; x_wconf 72' lang='lat' dir='ltr'>argumentise</span> 
     </span>
     <span class='ocr_line' id='line_1_28' title="bbox 173 2899 1283 2984; baseline -0.007 -26"><span class='ocrx_word' id='word_1_245' title='bbox 173 2903 234 2958; x_wconf 88' lang='lat' dir='ltr'>iura</span> <span class='ocrx_word' id='word_1_246' title='bbox 252 2919 284 2957; x_wconf 89' lang='lat' dir='ltr'>au</span> <span class='ocrx_word' id='word_1_247' title='bbox 302 2903 364 2956; x_wconf 89' lang='lat' dir='ltr'>disci</span> <span class='ocrx_word' id='word_1_248' title='bbox 384 2905 434 2959; x_wconf 89' lang='lat' dir='ltr'>lina</span> <span class='ocrx_word' id='word_1_249' title='bbox 451 2903 625 2957; x_wconf 72' lang='lat' dir='ltr'>ecclesiastice</span> <span class='ocrx_word' id='word_1_250' title='bbox 641 2903 759 2972; x_wconf 83' lang='lat' dir='ltr'>speciose</span> <span class='ocrx_word' id='word_1_251' title='bbox 777 2901 891 2956; x_wconf 83' lang='lat' dir='ltr'>collectis</span> <span class='ocrx_word' id='word_1_252' title='bbox 907 2903 1124 2967; x_wconf 74' lang='lat' dir='ltr'>demonstrantes,</span> <span class='ocrx_word' id='word_1_253' title='bbox 1146 2899 1214 2984; x_wconf 74' lang='lat' dir='ltr'>quod</span> <span class='ocrx_word' id='word_1_254' title='bbox 1230 2913 1283 2950; x_wconf 89' lang='lat' dir='ltr'>non</span> 
     </span>
     <span class='ocr_line' id='line_1_29' title="bbox 175 2921 1281 3044; baseline -0.006 -18"><span class='ocrx_word' id='word_1_255' title='bbox 175 2980 279 3026; x_wconf 87' lang='lat' dir='ltr'>tantum</span> <span class='ocrx_word' id='word_1_256' title='bbox 302 2921 437 3027; x_wconf 63' lang='lat' dir='ltr'>abunivere</span> <span class='ocrx_word' id='word_1_257' title='bbox 459 2972 624 3026; x_wconf 75' lang='lat' dir='ltr'>absolutionis</span> <span class='ocrx_word' id='word_1_258' title='bbox 646 2971 809 3043; x_wconf 89' lang='lat' dir='ltr'>incapacem,</span> <span class='ocrx_word' id='word_1_259' title='bbox 833 2973 948 3044; x_wconf 81' lang='lat' dir='ltr'>privatus</span> <span class='ocrx_word' id='word_1_260' title='bbox 969 2972 1027 3042; x_wconf 87' lang='lat' dir='ltr'>ipse</span> <span class='ocrx_word' id='word_1_261' title='bbox 1049 2971 1195 3024; x_wconf 78' lang='lat' dir='ltr'>nominatum</span> <span class='ocrx_word' id='word_1_262' title='bbox 1219 2967 1281 3021; x_wconf 87' lang='lat' dir='ltr'>talis</span> 
     </span>
     <span class='ocr_line' id='line_1_30' title="bbox 176 3038 1282 3126; baseline -0.005 -31"><span class='ocrx_word' id='word_1_263' title='bbox 176 3041 363 3095; x_wconf 87' lang='lat' dir='ltr'>iurisdictionis</span> <span class='ocrx_word' id='word_1_264' title='bbox 381 3049 526 3126; x_wconf 81' lang='lat' dir='ltr'>potestate,</span> <span class='ocrx_word' id='word_1_265' title='bbox 552 3045 721 3108; x_wconf 76' lang='lat' dir='ltr'>attentasset3</span> <span class='ocrx_word' id='word_1_266' title='bbox 746 3043 792 3096; x_wconf 89' lang='lat' dir='ltr'>sed</span> <span class='ocrx_word' id='word_1_267' title='bbox 809 3050 993 3112; x_wconf 84' lang='lat' dir='ltr'>praeterquam</span> <span class='ocrx_word' id='word_1_268' title='bbox 1009 3055 1102 3112; x_wconf 85' lang='lat' dir='ltr'>expers</span> <span class='ocrx_word' id='word_1_269' title='bbox 1119 3038 1282 3093; x_wconf 76' lang='lat' dir='ltr'>auctoritatis</span> 
     </span>
     <span class='ocr_line' id='line_1_31' title="bbox 176 3108 1283 3182; baseline -0.005 -18"><span class='ocrx_word' id='word_1_270' title='bbox 176 3108 297 3164; x_wconf 83' lang='lat' dir='ltr'>solvendi</span> <span class='ocrx_word' id='word_1_271' title='bbox 314 3111 439 3180; x_wconf 78' lang='lat' dir='ltr'>alternus,</span> <span class='ocrx_word' id='word_1_272' title='bbox 456 3111 532 3164; x_wconf 89' lang='lat' dir='ltr'>etiarn</span> <span class='ocrx_word' id='word_1_273' title='bbox 550 3111 645 3180; x_wconf 83' lang='lat' dir='ltr'>ligatus</span> <span class='ocrx_word' id='word_1_274' title='bbox 662 3111 719 3182; x_wconf 90' lang='lat' dir='ltr'>ipse</span> <span class='ocrx_word' id='word_1_275' title='bbox 734 3128 838 3181; x_wconf 86' lang='lat' dir='ltr'>quoque</span> <span class='ocrx_word' id='word_1_276' title='bbox 855 3118 883 3162; x_wconf 89' lang='lat' dir='ltr'>et</span> <span class='ocrx_word' id='word_1_277' title='bbox 899 3110 1025 3164; x_wconf 84' lang='lat' dir='ltr'>contracti</span> <span class='ocrx_word' id='word_1_278' title='bbox 1043 3109 1199 3178; x_wconf 78' lang='lat' dir='ltr'>wnscitique</span> <span class='ocrx_word' id='word_1_279' title='bbox 1219 3121 1283 3159; x_wconf 74' lang='grc' dir='ltr'><strong><em>ιασ-</em></strong></span> 
     </span>
     <span class='ocr_line' id='line_1_32' title="bbox 177 3177 1283 3249; baseline -0.005 -17"><span class='ocrx_word' id='word_1_280' title='bbox 177 3177 300 3232; x_wconf 75' lang='lat' dir='ltr'>thematis</span> <span class='ocrx_word' id='word_1_281' title='bbox 323 3179 424 3234; x_wconf 75' lang='lat' dir='ltr'>vinculo</span> <span class='ocrx_word' id='word_1_282' title='bbox 449 3180 618 3247; x_wconf 85' lang='lat' dir='ltr'>constrictus,</span> <span class='ocrx_word' id='word_1_283' title='bbox 640 3179 711 3234; x_wconf 88' lang='lat' dir='ltr'>istud</span> <span class='ocrx_word' id='word_1_284' title='bbox 731 3179 815 3248; x_wconf 90' lang='lat' dir='ltr'>ipsum</span> <span class='ocrx_word' id='word_1_285' title='bbox 845 3179 1067 3249; x_wconf 85' lang='lat' dir='ltr'>praesumpsisset.</span> <span class='ocrx_word' id='word_1_286' title='bbox 1106 3177 1132 3230; x_wconf 91' lang='lat' dir='ltr'>in</span> <span class='ocrx_word' id='word_1_287' title='bbox 1157 3194 1208 3246; x_wconf 91' lang='lat' dir='ltr'>quo</span> <span class='ocrx_word' id='word_1_288' title='bbox 1231 3189 1283 3227; x_wconf 89' lang='lat' dir='ltr'>non</span> 
     </span>
     <span class='ocr_line' id='line_1_33' title="bbox 179 3244 1283 3320; baseline -0.007 -20"><span class='ocrx_word' id='word_1_289' title='bbox 179 3245 298 3300; x_wconf 88' lang='lat' dir='ltr'>oratione</span> <span class='ocrx_word' id='word_1_290' title='bbox 313 3254 425 3313; x_wconf 86' lang='lat' dir='ltr'>tanturn,</span> <span class='ocrx_word' id='word_1_291' title='bbox 441 3249 498 3302; x_wconf 89' lang='lat' dir='ltr'>loco</span> <span class='ocrx_word' id='word_1_292' title='bbox 515 3247 605 3320; x_wconf 84' lang='lat' dir='ltr'>utique</span> <span class='ocrx_word' id='word_1_293' title='bbox 622 3249 690 3302; x_wconf 85' lang='lat' dir='ltr'>vecti</span> <span class='ocrx_word' id='word_1_294' title='bbox 714 3247 858 3318; x_wconf 88' lang='lat' dir='ltr'>plausibili,</span> <span class='ocrx_word' id='word_1_295' title='bbox 883 3249 916 3303; x_wconf 90' lang='lat' dir='ltr'>ad</span> <span class='ocrx_word' id='word_1_296' title='bbox 933 3247 1136 3318; x_wconf 87' lang='lat' dir='ltr'>persuadendum</span> <span class='ocrx_word' id='word_1_297' title='bbox 1153 3244 1283 3307; x_wconf 80' lang='lat' dir='ltr'>valebant,</span> 
     </span>
     <span class='ocr_line' id='line_1_34' title="bbox 179 3309 1283 3388; baseline -0.008 -18"><span class='ocrx_word' id='word_1_298' title='bbox 179 3333 272 3370; x_wconf 80' lang='lat' dir='ltr'>verum</span> <span class='ocrx_word' id='word_1_299' title='bbox 291 3316 365 3371; x_wconf 86' lang='lat' dir='ltr'>etiam</span> <span class='ocrx_word' id='word_1_300' title='bbox 383 3319 538 3373; x_wconf 87' lang='lat' dir='ltr'>auctoritate</span> <span class='ocrx_word' id='word_1_301' title='bbox 554 3327 662 3388; x_wconf 89' lang='lat' dir='ltr'>propter</span> <span class='ocrx_word' id='word_1_302' title='bbox 678 3318 789 3386; x_wconf 81' lang='lat' dir='ltr'>speciem</span> <span class='ocrx_word' id='word_1_303' title='bbox 805 3317 985 3370; x_wconf 81' lang='lat' dir='ltr'>sanctimoniae</span> <span class='ocrx_word' id='word_1_304' title='bbox 998 3329 1174 3386; x_wconf 85' lang='lat' dir='ltr'>personaeque</span> <span class='ocrx_word' id='word_1_305' title='bbox 1188 3309 1283 3363; x_wconf 89' lang='lat' dir='ltr'>acoris</span> 
     </span>
     <span class='ocr_line' id='line_1_35' title="bbox 179 3378 1284 3458; baseline -0.009 -19"><span class='ocrx_word' id='word_1_306' title='bbox 179 3385 401 3440; x_wconf 85' lang='lat' dir='ltr'>commendabilem</span> <span class='ocrx_word' id='word_1_307' title='bbox 420 3387 606 3458; x_wconf 75' lang='lat' dir='ltr'>reveritamque</span> <span class='ocrx_word' id='word_1_308' title='bbox 622 3385 699 3454; x_wconf 75' lang='lat' dir='ltr'>vulgo</span> <span class='ocrx_word' id='word_1_309' title='bbox 715 3385 884 3454; x_wconf 75' lang='lat' dir='ltr'>gravitatem,</span> <span class='ocrx_word' id='word_1_310' title='bbox 910 3385 1066 3454; x_wconf 87' lang='lat' dir='ltr'>persuadere</span> <span class='ocrx_word' id='word_1_311' title='bbox 1088 3395 1190 3449; x_wconf 87' lang='lat' dir='ltr'>semper</span> <span class='ocrx_word' id='word_1_312' title='bbox 1206 3378 1284 3449; x_wconf 88' lang='lat' dir='ltr'>quid·</span> 
     </span>
     <span class='ocr_line' id='line_1_36' title="bbox 179 3451 1285 3524; baseline -0.005 -16"><span class='ocrx_word' id='word_1_313' title='bbox 179 3454 220 3508; x_wconf 84' lang='lat' dir='ltr'>vis</span> <span class='ocrx_word' id='word_1_314' title='bbox 239 3454 372 3524; x_wconf 84' lang='lat' dir='ltr'>idoneam,</span> <span class='ocrx_word' id='word_1_315' title='bbox 390 3465 444 3510; x_wconf 88' lang='lat' dir='ltr'>tum</span> <span class='ocrx_word' id='word_1_316' title='bbox 462 3465 547 3510; x_wconf 90' lang='lat' dir='ltr'>autem</span> <span class='ocrx_word' id='word_1_317' title='bbox 566 3455 683 3508; x_wconf 79' lang='lat' dir='ltr'>efficacia</span> <span class='ocrx_word' id='word_1_318' title='bbox 700 3452 860 3506; x_wconf 83' lang='lat' dir='ltr'>ineluctabili</span> <span class='ocrx_word' id='word_1_319' title='bbox 876 3456 1030 3516; x_wconf 83' lang='lat' dir='ltr'>trahentem,</span> <span class='ocrx_word' id='word_1_320' title='bbox 1047 3451 1160 3520; x_wconf 87' lang='lat' dir='ltr'>qnando,</span> <span class='ocrx_word' id='word_1_321' title='bbox 1174 3456 1204 3501; x_wconf 93' lang='lat' dir='ltr'>ut</span> <span class='ocrx_word' id='word_1_322' title='bbox 1221 3457 1285 3502; x_wconf 91' lang='lat' dir='ltr'>tuno</span> 
     </span>
     <span class='ocr_line' id='line_1_37' title="bbox 179 3519 1286 3594; baseline -0.006 -18"><span class='ocrx_word' id='word_1_323' title='bbox 179 3541 230 3576; x_wconf 90' lang='lat' dir='ltr'>nsn</span> <span class='ocrx_word' id='word_1_324' title='bbox 244 3523 381 3591; x_wconf 82' lang='lat' dir='ltr'>seniebat,</span> <span class='ocrx_word' id='word_1_325' title='bbox 401 3527 489 3580; x_wconf 89' lang='lat' dir='ltr'>eodem</span> <span class='ocrx_word' id='word_1_326' title='bbox 507 3525 540 3579; x_wconf 90' lang='lat' dir='ltr'>im</span> <span class='ocrx_word' id='word_1_327' title='bbox 560 3525 671 3578; x_wconf 85' lang='lat' dir='ltr'>ellabant</span> <span class='ocrx_word' id='word_1_328' title='bbox 687 3539 737 3594; x_wconf 85' lang='lat' dir='ltr'>quo</span> <span class='ocrx_word' id='word_1_329' title='bbox 759 3521 847 3576; x_wconf 88' lang='lat' dir='ltr'>studia</span> <span class='ocrx_word' id='word_1_330' title='bbox 866 3527 958 3591; x_wconf 83' lang='lat' dir='ltr'>sponte</span> <span class='ocrx_word' id='word_1_331' title='bbox 975 3521 1152 3591; x_wconf 83' lang='lat' dir='ltr'>plerorumque</span> <span class='ocrx_word' id='word_1_332' title='bbox 1168 3519 1286 3571; x_wconf 88' lang='lat' dir='ltr'>incurre-</span> 
     </span>
     <span class='ocr_line' id='line_1_38' title="bbox 180 3543 1285 3663; baseline -0.006 -17"><span class='ocrx_word' id='word_1_333' title='bbox 180 3593 263 3656; x_wconf 88' lang='lat' dir='ltr'>bant,</span> <span class='ocrx_word' id='word_1_334' title='bbox 280 3593 330 3645; x_wconf 86' lang='lat' dir='ltr'>iam</span> <span class='ocrx_word' id='word_1_335' title='bbox 348 3610 395 3663; x_wconf 88' lang='lat' dir='ltr'>por</span> <span class='ocrx_word' id='word_1_336' title='bbox 417 3612 446 3648; x_wconf 87' lang='lat' dir='ltr'>se</span> <span class='ocrx_word' id='word_1_337' title='bbox 461 3543 649 3648; x_wconf 54' lang='lat' dir='ltr'>lncreAEbiliter</span> <span class='ocrx_word' id='word_1_338' title='bbox 671 3592 830 3646; x_wconf 77' lang='lat' dir='ltr'>infensorum</span> <span class='ocrx_word' id='word_1_339' title='bbox 846 3591 954 3660; x_wconf 80' lang='lat' dir='ltr'>losepbo</span> <span class='ocrx_word' id='word_1_340' title='bbox 969 3599 1001 3644; x_wconf 91' lang='lat' dir='ltr'>ut</span> <span class='ocrx_word' id='word_1_341' title='bbox 1015 3588 1156 3643; x_wconf 87' lang='lat' dir='ltr'>subsessori</span> <span class='ocrx_word' id='word_1_342' title='bbox 1172 3585 1285 3651; x_wconf 81' lang='lat' dir='ltr'>arsenii,</span> 
     </span>
     <span class='ocr_line' id='line_1_39' title="bbox 181 3657 1287 3748; baseline -0.005 -34"><span class='ocrx_word' id='word_1_343' title='bbox 181 3677 282 3733; x_wconf 86' lang='lat' dir='ltr'>proque</span> <span class='ocrx_word' id='word_1_344' title='bbox 299 3663 341 3715; x_wconf 90' lang='lat' dir='ltr'>illo</span> <span class='ocrx_word' id='word_1_345' title='bbox 359 3663 417 3748; x_wconf 75' lang='lat' dir='ltr'>solo</span> <span class='ocrx_word' id='word_1_346' title='bbox 431 3681 495 3717; x_wconf 83' lang='lat' dir='ltr'>vero</span> <span class='ocrx_word' id='word_1_347' title='bbox 513 3663 694 3733; x_wconf 76' lang='lat' dir='ltr'>legitimoque,</span> <span class='ocrx_word' id='word_1_348' title='bbox 709 3663 781 3716; x_wconf 90' lang='lat' dir='ltr'>culus</span> <span class='ocrx_word' id='word_1_349' title='bbox 801 3677 950 3731; x_wconf 89' lang='lat' dir='ltr'>oppressam</span> <span class='ocrx_word' id='word_1_350' title='bbox 966 3659 1140 3742; x_wconf 79' lang='lat' dir='ltr'>innocentiam</span> <span class='ocrx_word' id='word_1_351' title='bbox 1154 3657 1287 3711; x_wconf 79' lang='lat' dir='ltr'>vindicare</span> 
     </span>
     <span class='ocr_line' id='line_1_40' title="bbox 182 3728 1287 3884; baseline -0.004 -33"><span class='ocrx_word' id='word_1_352' title='bbox 182 3728 1287 3884; x_wconf 57' lang='lat' dir='ltr'>latitia,littlelll‘iilltttl{⁸¹3llla.lllln“¹⁰tztl⁰ltili:</span> 
     </span>
     <span class='ocr_line' id='line_1_41' title="bbox 181 3867 1288 3937; baseline -0.005 -16"><span class='ocrx_word' id='word_1_353' title='bbox 181 3867 257 3921; x_wconf 86' lang='lat' dir='ltr'>inrtia</span> <span class='ocrx_word' id='word_1_354' title='bbox 274 3871 396 3923; x_wconf 87' lang='lat' dir='ltr'>tumultus</span> <span class='ocrx_word' id='word_1_355' title='bbox 414 3869 635 3937; x_wconf 83' lang='lat' dir='ltr'>animadvertens,</span> <span class='ocrx_word' id='word_1_356' title='bbox 654 3879 680 3922; x_wconf 89' lang='lat' dir='ltr'>et</span> <span class='ocrx_word' id='word_1_357' title='bbox 697 3870 799 3921; x_wconf 86' lang='lat' dir='ltr'>rninrme</span> <span class='ocrx_word' id='word_1_358' title='bbox 815 3869 999 3922; x_wconf 84' lang='lat' dir='ltr'>contemnenda</span> <span class='ocrx_word' id='word_1_359' title='bbox 1015 3875 1087 3921; x_wconf 85' lang='lat' dir='ltr'>recte</span> <span class='ocrx_word' id='word_1_360' title='bbox 1106 3881 1229 3929; x_wconf 82' lang='grc' dir='ltr'><strong><em>οοαοιοσ,</em></strong></span> <span class='ocrx_word' id='word_1_361' title='bbox 1245 3871 1288 3916; x_wconf 88' lang='lat' dir='ltr'>ta-</span> 
     </span>
     <span class='ocr_line' id='line_1_42' title="bbox 182 3932 1289 4010; baseline -0.003 -21"><span class='ocrx_word' id='word_1_362' title='bbox 182 3935 232 3989; x_wconf 86' lang='lat' dir='ltr'>lem</span> <span class='ocrx_word' id='word_1_363' title='bbox 256 3953 344 3992; x_wconf 87' lang='lat' dir='ltr'>eorum</span> <span class='ocrx_word' id='word_1_364' title='bbox 368 3941 548 4010; x_wconf 79' lang='lat' dir='ltr'>capiendorum</span> <span class='ocrx_word' id='word_1_365' title='bbox 572 3941 695 3992; x_wconf 91' lang='lat' dir='ltr'>rationem</span> <span class='ocrx_word' id='word_1_366' title='bbox 720 3937 795 4003; x_wconf 89' lang='lat' dir='ltr'>iniit,</span> <span class='ocrx_word' id='word_1_367' title='bbox 825 3955 893 4007; x_wconf 91' lang='lat' dir='ltr'>qnae</span> <span class='ocrx_word' id='word_1_368' title='bbox 923 3937 1002 3991; x_wconf 90' lang='lat' dir='ltr'>multo</span> <span class='ocrx_word' id='word_1_369' title='bbox 1025 3934 1237 3990; x_wconf 75' lang='lat' dir='ltr'>vehementiorem</span> <span class='ocrx_word' id='word_1_370' title='bbox 1259 3932 1289 3986; x_wconf 86' lang='lat' dir='ltr'>in</span> 
     </span>
     <span class='ocr_line' id='line_1_43' title="bbox 182 4001 1290 4076; baseline -0.002 -18"><span class='ocrx_word' id='word_1_371' title='bbox 182 4005 266 4076; x_wconf 88' lang='lat' dir='ltr'>ipsum</span> <span class='ocrx_word' id='word_1_372' title='bbox 285 4007 397 4062; x_wconf 83' lang='lat' dir='ltr'>invidiae</span> <span class='ocrx_word' id='word_1_373' title='bbox 413 4009 538 4063; x_wconf 82' lang='lat' dir='ltr'>flammam</span> <span class='ocrx_word' id='word_1_374' title='bbox 556 4009 716 4062; x_wconf 85' lang='lat' dir='ltr'>accenderet</span> <span class='ocrx_word' id='word_1_375' title='bbox 751 4023 808 4060; x_wconf 91' lang='lat' dir='ltr'>cum</span> <span class='ocrx_word' id='word_1_376' title='bbox 825 4007 891 4060; x_wconf 90' lang='lat' dir='ltr'>enim</span> <span class='ocrx_word' id='word_1_377' title='bbox 909 4007 1025 4060; x_wconf 85' lang='lat' dir='ltr'>adhibito</span> <span class='ocrx_word' id='word_1_378' title='bbox 1050 4005 1077 4060; x_wconf 88' lang='lat' dir='ltr'>iu</span> <span class='ocrx_word' id='word_1_379' title='bbox 1095 4001 1225 4058; x_wconf 88' lang='lat' dir='ltr'>consilium</span> <span class='ocrx_word' id='word_1_380' title='bbox 1242 4002 1290 4056; x_wconf 89' lang='lat' dir='ltr'>do·</span> 
     </span>
     <span class='ocr_line' id='line_1_44' title="bbox 183 4071 1290 4150; baseline 0 -24"><span class='ocrx_word' id='word_1_381' title='bbox 183 4071 239 4127; x_wconf 87' lang='lat' dir='ltr'>lure</span> <span class='ocrx_word' id='word_1_382' title='bbox 267 4077 437 4132; x_wconf 88' lang='lat' dir='ltr'>contumeliae</span> <span class='ocrx_word' id='word_1_383' title='bbox 459 4077 593 4150; x_wconf 86' lang='lat' dir='ltr'>propriae,</span> <span class='ocrx_word' id='word_1_384' title='bbox 619 4077 692 4130; x_wconf 90' lang='lat' dir='ltr'>cuius</span> <span class='ocrx_word' id='word_1_385' title='bbox 715 4075 832 4129; x_wconf 85' lang='lat' dir='ltr'>acerrimi</span> <span class='ocrx_word' id='word_1_386' title='bbox 856 4083 916 4130; x_wconf 89' lang='lat' dir='ltr'>sunt</span> <span class='ocrx_word' id='word_1_387' title='bbox 939 4074 1034 4130; x_wconf 86' lang='lat' dir='ltr'>stimuli</span> <span class='ocrx_word' id='word_1_388' title='bbox 1060 4092 1123 4143; x_wconf 81' lang='lat' dir='ltr'>erga</span> <span class='ocrx_word' id='word_1_389' title='bbox 1146 4072 1195 4126; x_wconf 89' lang='lat' dir='ltr'>sibi</span> <span class='ocrx_word' id='word_1_390' title='bbox 1217 4079 1290 4126; x_wconf 89' lang='lat' dir='ltr'>recte</span> 
     </span>
     <span class='ocr_line' id='line_1_45' title="bbox 184 4141 1291 4212; baseline 0 -16"><span class='ocrx_word' id='word_1_391' title='bbox 184 4145 301 4197; x_wconf 84' lang='lat' dir='ltr'>conscias</span> <span class='ocrx_word' id='word_1_392' title='bbox 326 4153 441 4212; x_wconf 86' lang='lat' dir='ltr'>mentes,</span> <span class='ocrx_word' id='word_1_393' title='bbox 461 4147 562 4200; x_wconf 88' lang='lat' dir='ltr'>omnino</span> <span class='ocrx_word' id='word_1_394' title='bbox 587 4145 637 4200; x_wconf 89' lang='lat' dir='ltr'>sibi</span> <span class='ocrx_word' id='word_1_395' title='bbox 661 4145 810 4200; x_wconf 85' lang='lat' dir='ltr'>iaciendum</span> <span class='ocrx_word' id='word_1_396' title='bbox 833 4145 968 4199; x_wconf 88' lang='lat' dir='ltr'>statuisset</span> <span class='ocrx_word' id='word_1_397' title='bbox 989 4149 1020 4198; x_wconf 86' lang='lat' dir='ltr'>ut</span> <span class='ocrx_word' id='word_1_398' title='bbox 1045 4153 1164 4197; x_wconf 89' lang='lat' dir='ltr'>auctores</span> <span class='ocrx_word' id='word_1_399' title='bbox 1181 4141 1291 4196; x_wconf 85' lang='lat' dir='ltr'>iniuriae</span> 
     </span>
     <span class='ocr_line' id='line_1_46' title="bbox 185 4212 1291 4282; baseline 0.001 -18"><span class='ocrx_word' id='word_1_400' title='bbox 185 4229 237 4282; x_wconf 84' lang='lat' dir='ltr'>qna</span> <span class='ocrx_word' id='word_1_401' title='bbox 261 4213 475 4280; x_wconf 78' lang='lat' dir='ltr'>conflictabatur,</span> <span class='ocrx_word' id='word_1_402' title='bbox 498 4223 544 4268; x_wconf 91' lang='lat' dir='ltr'>aut</span> <span class='ocrx_word' id='word_1_403' title='bbox 566 4215 599 4269; x_wconf 92' lang='lat' dir='ltr'>de</span> <span class='ocrx_word' id='word_1_404' title='bbox 621 4215 748 4270; x_wconf 62' lang='lat' dir='ltr'>renuntia</span> <span class='ocrx_word' id='word_1_405' title='bbox 772 4214 913 4268; x_wconf 87' lang='lat' dir='ltr'>deduceret</span> <span class='ocrx_word' id='word_1_406' title='bbox 934 4223 980 4268; x_wconf 88' lang='lat' dir='ltr'>snt</span> <span class='ocrx_word' id='word_1_407' title='bbox 1011 4213 1044 4265; x_wconf 93' lang='lat' dir='ltr'>de</span> <span class='ocrx_word' id='word_1_408' title='bbox 1069 4212 1152 4265; x_wconf 88' lang='lat' dir='ltr'>medio</span> <span class='ocrx_word' id='word_1_409' title='bbox 1179 4213 1291 4275; x_wconf 86' lang='lat' dir='ltr'>tolleret,</span> 
     </span>
     <span class='ocr_line' id='line_1_47' title="bbox 184 4281 1291 4358; baseline 0.004 -24"><span class='ocrx_word' id='word_1_410' title='bbox 184 4281 267 4352; x_wconf 88' lang='lat' dir='ltr'>primo</span> <span class='ocrx_word' id='word_1_411' title='bbox 286 4287 338 4338; x_wconf 85' lang='lat' dir='ltr'>nob</span> <span class='ocrx_word' id='word_1_412' title='bbox 355 4285 510 4340; x_wconf 88' lang='lat' dir='ltr'>succedente</span> <span class='ocrx_word' id='word_1_413' title='bbox 527 4285 673 4358; x_wconf 86' lang='lat' dir='ltr'>(quomodo</span> <span class='ocrx_word' id='word_1_414' title='bbox 696 4283 763 4340; x_wconf 86' lang='lat' dir='ltr'>enim</span> <span class='ocrx_word' id='word_1_415' title='bbox 780 4284 894 4341; x_wconf 83' lang='lat' dir='ltr'>bomiuet</span> <span class='ocrx_word' id='word_1_416' title='bbox 917 4288 994 4356; x_wconf 84' lang='lat' dir='ltr'>capto</span> <span class='ocrx_word' id='word_1_417' title='bbox 1012 4282 1178 4338; x_wconf 80' lang='lat' dir='ltr'>communiter</span> <span class='ocrx_word' id='word_1_418' title='bbox 1193 4282 1291 4354; x_wconf 77' lang='lat' dir='ltr'>impetu</span> 
     </span>
    </p>
   </div>
   <div class='ocr_carea' id='block_1_5' title="bbox 0 0 1580 4850">
    <p class='ocr_par' dir='ltr' id='par_1_5' title="bbox 0 0 1580 4850">
     <span class='ocr_line' id='line_1_48' title="bbox 0 0 1580 4850; baseline 0 0"><span class='ocrx_word' id='word_1_419' title='bbox 0 0 1580 4850; x_wconf 95' lang='lat' dir='ltr'> </span> 
     </span>
    </p>
   </div>
  </div>
 </body>
</html>
