3100 4850
204 250 209 301 ²
255 279 333 352 ιιι
553 279 790 388 onssnvsn
804 275 1048 356 'recursus

266 441 327 490 ⁸¹¹¹!
360 439 476 484 'lm'
500 437 557 498 ¹¹¹2·
582 441 622 486 θ’·
655 447 877 530 stsntinopolim
971 450 1090 529 solunt,
1110 449 1164 514 ubi
1178 452 1364 551 psxsede-
1500 450 1502 521 l

268 491 480 598 ‘marinii‘
495 489 622 588 fflph
655 533 766 594 siarum
787 469 992 615 cencium,
1020 537 1186 616 Gregorio'
1176 549 1261 598 mter
1276 558 1363 598 suess

252 601 335 673 1274
417 603 438 666 8
540 601 580 668 15
653 620 837 700 proclamato
859 642 976 682 summe
1005 623 1148 704 pontifice
1170 623 1361 706 Apostolioee

653 705 730 764 sedis
746 715 777 764 et
790 707 978 768 oecumenico
993 729 1079 788 psps.
1100 709 1121 772 6
1143 712 1196 773 22.

696 791 862 850 Germanus
883 793 955 852 olim
971 793 1144 874 patriarche
1166 813 1232 852 cum
1246 791 1356 854 Theo-

651 871 750 954 phane
772 876 903 938 Niceeno
926 888 957 937 et
976 879 1102 957 Georgio
1122 877 1350 960 Acropolitele-

651 960 710 1039 gali
721 959 908 1042 imperatoris
928 964 968 1023 sd
981 965 1139 1024 concilium
1159 964 1348 1044 Ligdum

652 1046 732 1105 missi
752 1065 787 1106 eo
810 1049 994 1129 perveniunt
1021 1050 1069 1111 die
1097 1050 1140 1114 24
1155 1034 1349 1170 ffiffilfffi

652 1131 755 1192 concil.
768 1132 905 1233 Lugdun.

693 1334 785 1394 Aures
810 1336 890 1395 inter
909 1336 1038 1397 Graecos
1058 1335 1252 1397 dissensiones
1274 1337 1358 1397 eires

650 1439 752 1500 paoem
770 1440 841 1480 oum
853 1420 974 1483 Latinis.
995 1426 1015 1487 5
1036 1427 1089 1488 23.

691 1505 819 1566 Iosnnes
842 1506 955 1566 Veccus
981 1504 1153 1586 putrimehs
1179 1505 1299 1585 eligitur
1317 1503 1354 1566 in

650 1590 749 1651 locum
762 1589 887 1670 loseph'n
911 1611 937 1652 e.
950 1595 1004 1658 24.

693 1677 859 1756 Imperator
878 1677 999 1738 neribus
1020 1677 1171 1758 suppliciis
1200 1677 1295 1736 ssesit
1318 1677 1353 1736 in

651 1761 815 1822 obstinatos
829 1761 1038 1824 schismaticos.
1062 1783 1088 1825 c.
1101 1766 1142 1827 19
1157 1771 1188 1821 et
1201 1767 1253 1828 20.

690 1847 802 1907 lessius
817 1847 858 1906 sd
875 1848 1084 1927 imperatorem
1103 1847 1300 1926 transfugiens
1315 1855 1351 1907 st

649 1933 687 1992 sb
695 1953 731 1993 eo
738 1933 821 1992 classi
829 1933 1092 2014 praepositusbene
1099 1952 1163 1993 rem
1170 1935 1287 2011 gerite.
1295 1938 1351 1997 27.

690 2019 815 2078 loannes
840 2019 952 2077 Voceus
972 2019 1101 2078 seribere
1121 2027 1230 2078 oontrs
1250 2016 1348 2076 sclsis-

648 2104 772 2163 moticos
788 2105 904 2183 cogitur
916 2123 941 2164 c.
956 2109 1007 2170 28.

688 2187 831 2268 Iosephus
852 2185 1062 2269 expatriarcha
1083 2183 1205 2247 Chelsm
1224 2186 1258 2246 in
1282 2187 1350 2246 exi-

647 2273 720 2334 lium
736 2274 922 2353 deportetur.
944 2295 969 2338 c.
985 2278 1036 2339 29.

689 2359 859 2419 Genuenses
888 2360 985 2419 invito
1011 2359 1192 2438 imperatore
1219 2355 1351 2416 unnim

646 2445 872 2525 Hellespontum
886 2445 950 2505 susi
961 2445 1120 2526 sepiuntur
1132 2452 1163 2502 et
1177 2444 1256 2502 mels
1266 2441 1349 2501 mul-

645 2542 759 2592 tentur.
781 2550 806 2591 c.
820 2534 872 2596 30.

692 2734 851 2815 Gregorius
872 2734 904 2793 X
922 2734 1003 2814 Pspe
1018 2734 1147 2794 noritur
1169 2730 1282 2791 Arretii
1298 2730 1348 2791 uis

647 2826 686 2885 10
701 2820 837 2880 ianuarii.
855 2819 968 2899 Spond.
980 2837 1018 2879 ex
1036 2817 1164 2897 antiquis
1175 2836 1307 2876 monum.

687 2922 812 3000 Eligitur
823 2921 855 2981 in
870 2922 933 2980 eius
947 2920 1047 2981 locum
1055 2922 1165 2981 Petrus
1182 2920 1216 2979 de
1228 2921 1339 2977 Turse-

643 3006 715 3062 tesio
730 3006 796 3065 ord.
816 3006 1066 3083 praedicatorum.
1107 3006 1218 3065 llomse
1233 3021 1338 3063 eonse-

643 3097 744 3149 oratur
760 3090 897 3169 pontifex
919 3090 969 3151 die
987 3096 1027 3156 22
1046 3089 1138 3149 Febr.
1159 3090 1276 3150 nomine
1288 3108 1340 3147 ss-

642 3184 762 3255 sumpto
778 3174 941 3235 iunocentii
957 3177 1018 3237 eius
1031 3175 1239 3257 appellationis
1250 3175 1288 3233 V.

684 3260 814 3321 Moritur
827 3271 934 3339 quarto
947 3270 1015 3341 post
1027 3282 1127 3322 mense
1139 3260 1189 3321 (lie
1199 3265 1243 3327 22
1256 3260 1346 3327 Iunii.

683 3346 754 3405 Post
771 3350 810 3411 19
825 3347 889 3405 dies
902 3350 1043 3407 creatur
1034 3368 1066 3407 ιιι
1077 3348 1141 3406 eius
1153 3348 1254 3405 locum
1262 3366 1346 3427 pou-

640 3430 716 3491 tisex
738 3429 922 3495 Otlsobouus
942 3432 1071 3510 eliscus,
1095 3433 1194 3492 dictus
1211 3430 1345 3491 Hadria-

642 3514 747 3576 nusV.
790 3504 868 3577 κδ’
859 3538 885 3575 ss
906 3518 1016 3579 electus
1039 3524 1080 3584 12
1095 3517 1177 3594 Iulii,
1203 3516 1279 3577 obiit
1294 3517 1345 3576 die

644 3606 683 3669 18
697 3600 829 3680 Augusti

683 3686 833 3749 Suffectus
866 3684 938 3747 linio
973 3686 1098 3747 Viterbii
1133 3697 1178 3748 est
1214 3687 1263 3748 dis
1299 3688 1342 3753 18

640 3772 788 3851 Septemb.
814 3772 937 3832 loannes
957 3773 1061 3833 Petrus
1083 3774 1249 3851 Lusitanus,
1266 3771 1342 3831 esr-

640 3858 746 3919 diualie
762 3866 848 3917 entes
864 3858 1049 3919 Tusculanus
1061 3859 1166 3918 dietum
1193 3862 1342 3917 isnomen

639 3943 797 4022 assumpsit
819 3943 952 4019 loannis,
978 3965 1066 4024 quem
1078 3943 1254 4024 Onuphrius
1268 3942 1340 4019 XX,

639 4028 751 4087 Plotius
765 4027 859 4103 ΧΧΙΙ,
875 4028 988 4110 Spond.
1001 4040 1032 4089 et
1046 4030 1177 4111 sliiquos
1188 4029 1340 4109 sequimur

636 4114 711 4174 XXl
728 4124 898 4176 numerent.

679 4192 737 4259 Hic
755 4200 866 4279 legatos
882 4198 920 4259 etl
942 4196 1113 4260 ttichsstsm
1134 4198 1340 4277 Pelseologum

638 4283 675 4344 sb
699 4284 873 4346 Innocentio
890 4285 996 4366 quinto
1018 4286 1199 4365 doumtos,
1224 4286 1341 4366 episeo-
