3100 4850
631 370 878 444 PRAEFATIO.
1270 401 1306 445 xc

209 545 291 629 regis
321 539 566 613 mmumuiuu
595 533 774 622 Par'mionri,
799 509 883 605 mide
901 561 970 607 meo
988 552 1096 624 rogatu
1115 537 1156 605 R.
1175 539 1210 608 Ρ.
1232 540 1308 607 Plui-

209 653 309 738 lippus
336 650 459 729 labbe,
489 646 575 735 quod
601 666 682 732 opus
707 655 770 709 erat
793 645 943 708 meato
959 646 1074 710 lamnis
1093 643 1308 733 coaequandis,

210 753 370 837 diligenter
388 749 543 837 emcnpait
563 757 596 811 et
614 745 708 811 misit.

293 885 350 956 vl.
391 882 649 974 interpretationis
667 903 729 945 non
749 879 840 946 ande
860 877 1017 958 addictae,
1044 878 1099 946 sed
1119 893 1150 945 et
1169 883 1200 946 in
1221 903 1311 970 para-

209 991 344 1082 phrasim
365 987 528 1078 aliquando
552 981 742 1050 redundantis
762 983 839 1048 baec
859 981 1019 1073 peculiaris
1040 984 1190 1048 excusatio
1212 996 1258 1049 est
1277 985 1311 1048 iu

208 1097 270 1160 boc
299 1079 456 1166 omnium,
496 1087 547 1177 qui
574 1085 688 1154 Graece
713 1087 854 1151 historias
885 1084 1062 1164 ediderunt,
1099 1083 1326 1153 obscurissimo

209 1183 366 1286 ccriptore.
406 1197 553 1258 lectorum
573 1190 624 1256 elii
645 1187 760 1255 Graece
780 1189 892 1270 munt,
917 1188 968 1252 alii
989 1187 1091 1275 (quae
1111 1185 1211 1249 maior
1225 1189 1312 1252 turbe

211 1282 280 1378 est)
300 1320 365 1362 non
385 1296 467 1361 item.
506 1291 679 1359 neutro'rum
695 1292 959 1360 accommodatam
978 1289 1146 1354 rationrbui
1165 1289 1313 1376 putabam

212 1389 384 1464 versionem
405 1395 573 1486 scrupulose
592 1395 752 1478 sedulam,
769 1397 987 1461 balbutientem
1008 1403 1040 1458 et
1058 1393 1211 1467 iiiautam,
1233 1409 1312 1476 quae

209 1498 310 1564 ieiuna
342 1499 511 1590 squallidis,
545 1501 681 1564 intricata
713 1500 881 1587 perplexis,
915 1495 1058 1580 ambigua
1091 1492 1312 1557 confusioribus

206 1613 343 1666 mutaret.
385 1624 458 1668 nam
480 1601 595 1668 Graece
616 1601 740 1690 quidem
762 1600 861 1680 docti,
881 1600 910 1665 si
930 1599 1015 1687 queis
1037 1595 1147 1685 cupido
1168 1596 1240 1661 insit
1260 1597 1311 1658 io.

206 1702 310 1769 dolem
332 1703 479 1770 noscendi
502 1701 759 1786 Pachymerlanae
780 1701 936 1781 dictionis,
965 1703 1061 1785 longe
1086 1694 1120 1763 id
1145 1719 1311 1786 assequen-

203 1815 254 1870 tur
272 1807 388 1873 facilius
408 1805 527 1871 Graeco
550 1805 618 1892 ipso
640 1816 782 1868 contextu
800 1806 936 1890 protinus
955 1800 1102 1882 visendo,
1122 1823 1215 1890 quam
1228 1803 1311 1866 male

204 1915 287 1970 terso
314 1905 463 1972 intuendo
493 1908 578 1972 velut
604 1905 740 1991 quodam
765 1907 891 1992 speculo
917 1905 1173 1994 interpretamenti
1192 1899 1312 1988 sesom-

203 2007 346 2082 barbari,
371 2007 552 2068 latinitatem
570 2005 786 2066 invitissimum
804 2015 862 2079 per
881 2005 984 2056 munta
1005 2004 1160 2072 maaianai
1184 2002 1313 2084 vectigm

206 2105 359 2164 lutulento
385 2105 506 2168 tremite
532 2101 683 2180 reptantis.
726 2108 915 2164 caeterorum
933 2092 986 2182 qui
1006 2114 1068 2156 una
1093 2103 1163 2158 treet
1187 2105 1316 2166 Latinae

207 2200 329 2278 linguae
351 2195 462 2282 peritia
484 2193 644 2266 historiam
664 2193 744 2260 banc
764 2193 797 2258 in
820 2217 931 2262 manus
957 2207 1095 2276 sument,
1118 2200 1316 2268 manifestum

206 2311 336 2386 estnon
356 2295 393 2362 id
411 2309 519 2364 votum
536 2309 589 2363 aut
605 2296 789 2362 destinatum
808 2320 893 2379 esse,
912 2299 1049 2363 noctium
1072 2309 1103 2363 et
1123 2301 1315 2385 haumaro-⁴

208 2425 278 2467 rum
304 2399 472 2495 ambagioai
498 2400 603 2487 scripti
623 2398 866 2485 experimentum
890 2423 1036 2487 praesens
1057 2424 1179 2488 capere,
1209 2405 1312 2494 potius

206 2524 301 2591 quam
326 2500 521 2568 absconditae
551 2500 750 2588 defoseaeque
771 2501 832 2565 illic
853 2500 926 2566 fidei
946 2514 1098 2585 gestarum
1117 2525 1191 2574 vere
1211 2528 1313 2574 renam

205 2602 323 2691 liquido
343 2600 502 2691 lucidoque
523 2603 696 2671 testimonio
714 2603 826 2670 doceri.
866 2603 971 2673 suda
989 2628 1079 2689 ergo,
1100 2628 1162 2695 quo
1183 2610 1233 2674 his
1254 2613 1313 2675 ob-

206 2702 421 2783 secundarem,
449 2705 626 2789 indagatum
652 2710 973 2797 mammpletumque
995 2711 1099 2775 labore
1124 2734 1197 2778 meo
1218 2717 1310 2782 huius

206 2808 359 2897 accipiatis
376 2829 501 2873 sensum
522 2830 613 2895 quam
634 2810 798 2875 clarissime
815 2833 997 2899 proponere,
1018 2811 1166 2901 adeoque,
1186 2818 1240 2882 ubi
1258 2840 1309 2885 ree

206 2921 358 2998 posceret,
383 2910 521 2976 dbtincta
542 2933 561 2977 e
584 2912 731 2993 confuta,
752 2934 793 2975 ex
811 2913 941 2979 horridis
957 2914 1068 2999 nitida,
1088 2920 1179 3001 plana
1199 2943 1218 2985 e
1237 2942 1308 3009 pra-

206 3017 268 3099 vis,
289 3028 392 3104 aperta
412 3034 452 3080 ex
473 3012 677 3095 aenigmaticis
697 3013 836 3082 reddere.

290 3134 366 3201 Vll·
406 3132 502 3199 Errant
525 3136 629 3197 tameo
657 3132 761 3216 (ocio)
791 3135 910 3222 qmbus‘
928 3157 984 3199 nec
1011 3139 1125 3203 factum
1152 3160 1211 3203 nec
1233 3139 1307 3203 tacti

208 3234 345 3303 defensio
366 3236 551 3325 probabitur.
592 3236 626 3299 bi
654 3256 728 3301 vero
755 3240 807 3303 rel
835 3239 1010 3303 oeuadsmo
1037 3261 1104 3322 ms,
1137 3240 1222 3320 licet,
1248 3262 1306 3305 ex·

209 3338 386 3421 terminent,
412 3335 509 3403 modo
535 3348 631 3401 tectae
656 3360 780 3403 causam
805 3338 992 3407 adscribantc
1016 3343 1251 3429 proscriptum
1272 3355 1306 3411 te

209 3436 372 3520 uoluam,
394 3440 484 3529 quod
504 3438 839 3507 tenebricosissimum
859 3435 1059 3530 scriptorem
1073 3441 1194 3527 primo
1208 3468 1307 3536 aspc-

209 3552 266 3606 clu
284 3542 531 3632 intelligibilem
542 3542 680 3625 secueris.
719 3543 777 3609 sed
796 3546 923 3611 meliora
941 3543 1118 3612 Venusinua
1136 3561 1308 3631 auguratur,

207 3664 227 3707 e
249 3642 369 3711 dirum
387 3668 585 3733 responaens·

276 3780 279 3787 ·
371 3748 540 3815 solventur
560 3748 630 3814 risu
651 3744 805 3828 tabulae,
826 3759 862 3813 ta
883 3749 1005 3814 miscus
1024 3748 1141 3817 abibis.

206 3848 368 3915 enimvero
387 3852 415 3915 ei
434 3864 569 3915 mentem
596 3851 696 3939 scripti
718 3873 784 3915 non
804 3852 984 3936 assequitur,
1011 3852 1040 3918 si
1060 3854 1178 3937 altingit
1197 3855 1306 3937 alierra,

208 3949 323 4015 cinon
351 3965 553 4043 repraesentat
579 3952 724 4040 quidquid
750 3956 871 4031 subest,
905 3953 969 4018 iure
996 3960 1119 4045 vapulet
1145 3957 1306 4043 interpres:

209 4048 306 4116 donec
325 4052 451 4141 quidem
470 4057 591 4122 latentia
611 4054 765 4143 producit,
792 4054 928 4121 involuta
954 4058 1063 4137 exerit,
1092 4063 1198 4125 obruta
1221 4058 1307 4138 eruit,

209 4150 287 4216 dum
305 4162 459 4240 nucleum,
488 4180 611 4225 succum
630 4159 787 4237 intimum,
816 4179 942 4222 meram-
954 4160 1120 4225 medullam
1140 4161 1307 4225 sententiae

206 4256 361 4321 abstrusae
387 4264 482 4325 fracto
512 4272 676 4326 abacum
706 4261 827 4339 cortici,
859 4264 944 4326 velut
964 4264 1023 4326 cibi
1044 4263 1121 4325 cocti
1142 4273 1172 4325 et
1193 4262 1305 4329 conditi

205 4369 344 4439 paratum
374 4362 486 4443 legenti
512 4364 660 4427 ferculum
686 4363 828 4451 apponit,
857 4359 958 4426 sicani
983 4366 1033 4427 isti
1057 4366 1173 4430 morosi
1198 4366 1304 4433 serviti
